@Book{KR,
  author =       {Brian W. Kernighan and Dennis M. Ritchie},
  title =        {The {C} {P}rogramming {L}anguage, {S}econd {E}dition},
  publisher =    {Prentice Hall, Inc.},
  year =         1988
}

@PhdThesis{Kannapinn,
  author =       {S\"onke Kannapinn},
  title =        {Reconstructing LR Theory to Eliminate Redundance,
                  with an Application to the Construction of ELR
                  Parsers},
  school =       {Technical University of Berlin},
  year =         2001
}

@Misc{yaccplusplus,
  author =       {{Compiler Resources, Inc.}},
  title =        {Yacc++ and the Language Objects Library},
  howpublished = {\url{http://world.std.com/~compres/}}
}

@Misc{html-5-0,
  author =       {Ian Hickson and David Hyatt},
  title =        {{HTML} 5: A vocabulary and associated {API}s for
                  {HTML} and {XHTML}},
  howpublished =
                  {\url{http://dev.w3.org/html5/spec/Overview.html#parsing}}
}

@TechReport{ChouFu,
  author =       {S. M. Chou and K. S. Fu},
  title =        {Transition networks for pattern recognition},
  institution =  {School for Electrical Engineering, Purdue
                  University},
  year =         1975,
  number =       {TR--EE--75--39},
  address =      {West Lafayette, IN}
}

@TechReport{yacc,
  author =       {S. C. Johnson},
  title =        {Yacc: Yet another compiler compiler},
  institution =  {AT\&T Bell Laboratories},
  year =         1975,
  number =       32,
  address =      {Murray Hill, NJ}
}

@article{thompson,
  author =       {Ken Thompson},
  title =        {Programming Techniques: Regular expression search
                  algorithm},
  journal =      {Communications of the ACM},
  volume =       11,
  number =       6,
  year =         1968,
  issn =         {0001-0782},
  pages =        {419--422},
  doi =          {http://doi.acm.org/10.1145/363347.363387},
  publisher =    {ACM},
  address =      {New York, NY, USA},
}

@Article{Woods1980,
  author =       {W. A. Woods},
  title =        {Cascaded {ATN} grammars},
  journal =      {American Journal of Computational Linguistics},
  year =         1980,
  volume =       6,
  number =       1,
  pages =        {1--12}
}

@article{Woods1970,
  author =       {W. A. Woods},
  title =        {Transition network grammars for natural language
                  analysis},
  journal =      {Communications of the ACM},
  volume =       13,
  number =       10,
  year =         1970,
  issn =         {0001-0782},
  pages =        {591--606},
  doi =          {http://doi.acm.org/10.1145/355598.362773},
  publisher =    {ACM},
  address =      {New York, NY, USA},
}

@InProceedings{scannerlessglr,
  author =       {M.G.D. van den Brand and J. Scheerder and J.J. Vinju
                  and E. Visser},
  title =        {Disambiguation Filters For Scannerless Generalized
                  {LR} Parsers},
  booktitle =    {Compiler Construction 2002},
  pages =        {143--158},
  year =         2002,
  volume =       2304,
  series =       {Lecture Notes in Computer Science},
  month =        apr
}

@Article{PEP,
  author =       {John Aycock and R. Nigel Horspool},
  title =        {Practical {Earley} Parsing},
  journal =      {Computer Journal},
  year =         2002,
  volume =       45,
  number =       6,
  pages =        {620â€“-630}
}

@Misc{IMAP,
  author =       {M. Crispin},
  title =        {{I}NTERNET {M}ESSAGE {A}CCESS {P}ROTOCOL --- {V}ERSION 4rev1},
  howpublished = {\url{http://www.ietf.org/rfc/rfc3501.txt}},
  month =        mar,
  year =         2003
}

@Misc{IMAP-rev,
  author =       {A. Melnikov},
  title =        {Collected Extensions to {IMAP4} {ABNF}},
  howpublished = {\url{http://www.ietf.org/rfc/rfc4466.txt}},
  month =        apr,
  year =         2006
}

@article{Earley,
  author =       {Jay Earley},
  title =        {An efficient context-free parsing algorithm},
  journal =      {Communications of the ACM},
  volume =       13,
  number =       2,
  year =         1970,
  issn =         {0001-0782},
  pages =        {94--102},
  doi =          {http://doi.acm.org/10.1145/362007.362035},
}

@inproceedings{elkhound,
  author =       {Scott McPeak and George C. Necula},
  title =        {Elkhound: A fast, practical {GLR} parser generator},
  booktitle =    {CC 2004: Compiler Construction, 13th International
                  Conference},
  year =         2004,
}

@inproceedings{sppf-earley,
  author =       {Elizabeth Scott},
  title =        {{SPPF}{-}Style Parsing From {Earley} Recognisers},
  booktitle =    {Proceedings of the Seventh Workshop on Language
                  Descriptions, Tools, and Applications (LDTA)},
  month = "March",
  year =         2007,
}


@inproceedings{sppf-earley-long,
  author =       {Elizabeth Scott},
  title =        {{SPPF}{-}Style Parsing From {Earley} Recognisers},
  booktitle =    {Proceedings of the Seventh Workshop on Language
                  Descriptions, Tools, and Applications (LDTA 2007)},
  year =         2008,
  pages =        {53--67},
  publisher =    {Elsevier},
  volume =       203,
  issue =        2,
  series =       {Electronic Notes in Theoretical Computer Science}
}

@article{johnstone+:rec-eng,
  author =       {Johnstone, Adrian and Scott, Elizabeth},
  title =        {Automatic recursion engineering of reduction
                  incorporated parsers},
  journal =      {Sci. Comput. Program.},
  volume =       68,
  number =       2,
  year =         2007,
  issn =         {0167-6423},
  pages =        {95--110},
  doi =          {http://dx.doi.org/10.1016/j.scico.2006.04.011},
  publisher =    {Elsevier North-Holland, Inc.},
  address =      {Amsterdam, The Netherlands, The Netherlands},
}

@article{scott+:rnglr,
  author =       {Scott, Elizabeth and Johnstone, Adrian},
  title =        {Right nulled {GLR} parsers},
  journal =      {ACM Trans. Program. Lang. Syst.},
  volume =       28,
  number =       4,
  year =         2006,
  issn =         {0164-0925},
  pages =        {577--618},
  doi =          {http://doi.acm.org/10.1145/1146809.1146810},
  publisher =    {ACM},
  address =      {New York, NY, USA},
}


@inproceedings{vinju+:faster-sglr,
  author =       {Economopoulos, Giorgios and Klint, Paul and Vinju,
                  Jurgen},
  title =        {Faster Scannerless {GLR} Parsing},
  booktitle =    {Proceedings of the 18th International
                  Conference on Compiler Construction (CC)},
  year =         2009,
  location =     {York, UK},
  publisher =    {Springer-Verlag},
}


@inproceedings{bravenboer+:metaborg-short,
  author =       {Bravenboer, Martin and Visser, Eelco},
  title =        {Concrete syntax for objects: domain-specific
                  language embedding and assimilation without
                  restrictions},
  booktitle =    {OOPSLA},
  year =         2004,
}


@inproceedings{bravenboer+:metaborg,
  author =       {Bravenboer, Martin and Visser, Eelco},
  title =        {Concrete syntax for objects: domain-specific
                  language embedding and assimilation without
                  restrictions},
  booktitle =    {Proceedings of the ACM
                  SIGPLAN Conference on Object-oriented Programming,
                  Systems, Languages, and Applications (OOPSLA)},
  year =         2004,
}

@inproceedings{salomon+:scannerless,
  author =       {Salomon, D. J. and Cormack, G. V.},
  title =        {Scannerless {NSLR}(1) parsing of programming
                  languages},
  booktitle =    {PLDI},
  year =         1989,
  pages =        {170--178},
}
                  
@book{rescorla:ssl,
  title =        {{SSL} and {TLS:} Designing and Building Secure
                  Systems},
  isbn =         0201615983,
  shorttitle =   {{SSL} and {TLS}},
  publisher =    {{Addison-Wesley} Professional},
  author =       {Eric Rescorla},
  month =        oct,
  year =         2000
}

@incollection{jones_attribute-influenced_1980,
  title =        {Attribute-influenced {LR} parsing},
  url =          {http://dx.doi.org/10.1007/3-540-10250-7_30},
  booktitle =    {{Semantics-Directed} Compiler Generation},
  author =       {Neil Jones and Michael Madsen},
  volume =       94,
  publisher =    {Springer Berlin},
  series =       {Lecture Notes in Computer Science},
  year =         {1980},
  pages =        {393--407}
}

@incollection{mller_attribute-directed_1992,
  title =        {Attribute-directed top-down parsing},
  url =          {http://dx.doi.org/10.1007/3-540-55984-1_4},
  booktitle =    {Compiler Construction},
  author =       {Karel M\"{u}ller},
  volume =       641,
  publisher =    {Springer Berlin},
  series =       {Lecture Notes in Computer Science},
  year =         1992,
  pages =        {37--43}
}

@article{knuth_semantics_1968,
  title =        {Semantics of context-free languages},
  volume =       2,
  url =          {http://dx.doi.org/10.1007/BF01692511},
  doi =          {{10.1007/BF01692511}},
  number =       2,
  journal =      {Theory of Computing Systems},
  author =       {Donald E. Knuth},
  month =        jun,
  year =         1968,
  pages =        {127--145}
}

                  
@InProceedings{correa1991,
  author =       {N. Correa},
  title =        {An extension of {E}arley's algorithm for {S}- and
                  {L}-attributed grammars},
  booktitle =    {Proc.\ Intl\. Conf.\ on Current Issues in
                  Computational Linguistics},
  year =         1991,
  address =      {Penang, Malaysia}
}

@article{tokuda_attribute_1994,
  title =        {An attribute evaluation of context-free languages},
  volume =       52,
  issn =         {0020-0190},
  url =
                  {http://www.sciencedirect.com/science/article/B6V0F-45FKG28-6/2/2697736760f70aa62932e183bcafdc3c},
  doi =          {10.1016/0020-0190(94)00125-1},
  number =       2,
  journal =      {Information Processing Letters},
  author =       {Takehiro Tokuda and Yoshimichi Watanabe},
  month =        oct,
  year =         1994,
  keywords =     {compilers, formal languages, formal semantics},
  pages =        {91--98}
}

@incollection{watt_rule_1980,
  title =        {Rule splitting and attribute-directed parsing},
  url =          {http://dx.doi.org/10.1007/3-540-10250-7_29},
  booktitle =    {{Semantics-Directed} Compiler Generation},
  author =       {David Watt},
  publisher =    {Springer Berlin},
  series =       {Lecture Notes in Computer Science},
  year =         {1980},
  pages =        {363--392}
}

@article{lewis_attributed_1974,
  title =        {Attributed translations},
  volume =       9,
  issn =         {0022-0000},
  url =
                  {http://www.sciencedirect.com/science/article/B6WJ0-4RFM9XW-4/2/24226e957d403a3834400abd9b398040},
  doi =          {{10.1016/S0022-0000(74)80045-0}},
  number =       3,
  journal =      {Journal of Computer and System Sciences},
  author =       {{P.M.} Lewis and {D.J.} Rosenkrantz and {R.E.}
                  Stearns},
  month =        dec,
  year =         1974,
  pages =        {279--307}
}

@article{thiemann_parameterized_2004,
  title =        {Parameterized {LR} Parsing},
  volume =       110,
  issn =         {1571-0661},
  url =
                  {http://www.sciencedirect.com/science/article/B75H1-4F474DY-7/2/5463104ca42fe489726296b53505be1d},
  doi =          {10.1016/j.entcs.2004.06.007},
  journal =      {Electronic Notes in Theoretical Computer Science},
  author =       {Peter Thiemann and Matthias Neubauer},
  month =        dec,
  year =         2004,
  keywords =     {attribute evaluation, {LR} parser generator, partial
                  evaluation, polymorphism, productions},
  pages =        {115--132}
}

@InProceedings{earley-ldta2009,
  author =       {Trevor Jim and Yitzhak Mandelbaum},
  title =        {Efficient Earley Parsing with Regular Right-hand
                  Sides},
  booktitle =    {Workshop on Language Descriptions Tools and Applications},
  year =         2009,
  month =        mar
}

