@string{cmu-cs = "Carnegie Mellon University, School of Computer Science"}
@string{cornell-cs = "Department of Computer Science, Cornell University"}
@string{dec-src = "Digital Equipment Corporation, Systems Research Center"}
@string{edin-cs = "Department of Computer Science, University of Edinburgh"}
@string{inria = "Institut National de Recherche en Informatique et Automatique (INRIA)"}
@string{yale-cs = "Yale University, Department of Computer Science"}

@string{euc5 = "Fifth International {Erlang/OTP} User Conference"}
@string{sigcomm = "{ACM} Conference of Special Interest Group on Data Communications"}
@string{oopsla = "{ACM} Conference on Object-oriented Programming, Systems, Languages, and Applications"}
@string{gpce = "Generative Programming and Component Engineering"}
@string{cade = "International Conference on Automated Deduction"}
@string{esop = "European Symposium on Programming"}
@string{fool = "Foundations of Object-Oriented Languages Workshop"}
@string{fpca = "Conference on Functional Programming Languages and Computer Architecture"}
@string{icalp = "International Colloquium on Automata, Languages, and Programming"}
@string{icfp = "{ACM} International Conference on Functional Programming"}
@string{icfpca = "{ACM} International Conference on Functional Programming and Computer Architecture"}
@string{lfp = "{ACM} Conference on {Lisp} and Functional Programming"}
@string{lics = "{IEEE} Symposium on Logic in Computer Science"}
@string{mfps = "Mathematical Foundations of Programming Semantics"}
@string{pldi = "{ACM} Conference on Programming Language Design and Implementation"}
@string{popl = "{ACM} Symposium on Principles of Programming Languages"}
@string{tacs = "Theoretical Aspects of Computer Software"}
@string{tic = "Workshop on Types in Compilation"}
@string{tlca = "International Conference on Typed Lambda Calculi and Applications"}

@string{info-comp = "Information and Computation"}
@string{jacm = "Journal of the {ACM}"}
@string{jfp = "Journal of Functional Programming"}
@string{mscs = "Mathematical Structures in Computer Science"}
@string{tcs = "Theoretical Computer Science"}
@string{toplas = "{ACM} Transactions on Programming Languages and Systems"}

@string{lncs = "Lecture Notes in Computer Science"}
@string{encs="Electronic Notes in Computer Science"}
@string{entcs="Electronic Notes in Theoretical Computer Science"}
@string{academic = "Academic Press"}
@string{cambridge-press = "Cambridge University Press"}
@string{chapman = "Chapman \& Hall"}
@string{elsevier = "Elsevier"}
@string{mit-press = "The MIT Press"}
@string{noholland = "North-Holland"}
@string{springer = "Springer"}
@string{springerver = "Springer-Verlag"}
@string{acmpress = "{ACM} Press"}

@string{cam-ma = "Cambridge, Massachusetts"}
@string{ith-ny = "Ithaca, New York"}
@string{pgh-pa = "Pittsburgh, Pennsylvania"}

@string{o1="First"}
@string{o2="Second"}
@string{o3="Third"}
@string{o4="Fourth"}
@string{o5="Fifth"}
@string{o6="Sixth"}
@string{o7="Seventh"}
@string{o8="Eighth"}
@string{o9="Ninth"}
@string{o10="Tenth"}
@string{o11="Eleventh"}
@string{o12="Twelfth"}
@string{o13="Thirteenth"}
@string{o14="Fourteenth"}
@string{o15="Fifteenth"}
@string{o16="Sixteenth"}
@string{o17="Seventeenth"}
@string{o18="Eighteenth"}
@string{o19="Nineteenth"}
@string{o20="Twentieth"}
@string{o21="Twenty-First"}
@string{o22="Twenty-Second"}
@string{o23="Twenty-Third"}
@string{o24="Twenty-Fourth"}
@string{o25="Twenty-Fifth"}
@string{o26="Twenty-Sixth"}
@string{IWMM = "International Workshop on Memory Management"}
@string{csurv = "Computing Surveys"}
@string{sicomp="{SIAM} Journal on Computing"}
@string{polymorphism="Polymorphism: The {ML}/{LCF}/{HOPE} Newsletter"}
@string{tcs="Theoretical Computer Science"}
@string{jcss="Journal of Computer and System Sciences"}
@string{cacm="Communications of the {ACM}"}
@string{toplas="{ACM} Transactions on Progamming Languages and Systems"}
@string{loplas="{ACM} Letters on Progamming Languages and Systems"}
@string{jacm="Journal of the {ACM}"}
@string{jsl="Journal of Symbolic Logic"}
@string{zml="Zeitschrift {f\"ur} Mathematische Logik und Grundlagen der Mathematik"}
@string{icold="Information and Control"}
@string{ic="Information and Computation"}
@string{aml="Annals of Mathematical Logic"}
@string{apal="Annals of Pure and Applied Logic"}
@string{jar="Journal of Automated Reasoning"}
@string{jsc="Journal of Symbolic Computation"}
@string{cs="Computing Surveys"}
@string{ipl="Information Processing Letters"}
@string{jlp="Journal of Logic Programming"}
@string{scp="Science of Computer Programming"}
@string{ai="Acta Informatica"}
@string{lasc="{LISP} and Symbolic Computation"}
@string{jfp="Journal of Functional Programming"}
@string{mscs="Mathematical Structures in Computer Science"}

@string{lncs="Lecture Notes in Computer Science"}
@string{lnm="Lectures Notes in Mathematics"}

@string{popl=" {ACM} Symposium on Principles of Programming Languages"}
@string{sosp=" {ACM} Symposium on Operating Systems Principles"}
@string{lics=" Symposium on Logic in Computer Science"}
@string{cade=" Conference on Automated Deduction"}
@string{lofp="Logics of Programs"}
@string{fpca=" {ACM} Conference on Functional Programming and Computer Architecture"}
@string{stoc=" Symposium on the Theory of Computing"}
@string{focs=" Symposium  on the Foundations of Computer Science"}
@string{icalp=" International Colloquium on Automata, Languages, and
                  Programming"}
@string{pldi="{ACM} Conference on Programming Language Design and
                  Implementation"}
@string{pepm=" {ACM} Conference on Partial Evaluation and Semantics-Based
                Program Manipulation"}
@string{lfp=" {ACM} Conference on Lisp and Functional Programming"}
@string{tic="Workshop on Types in Compilation"}
@string{icfp="{ACM} International Conference on Functional Programming"}

@string{nh="North-Holland"}
@string{ph="Prentice-Hall"}
@string{aw="Addison-Wesley"}
@string{ap="Academic Press"}
@string{cup="Cambridge University Press"}
@string{mitp="MIT Press"}

@string{cornell-cs = "Department of Computer Science, Cornell University"}

@string{first="First"}
@string{second="Second"}
@string{third="Third"}
@string{fourth="Fourth"}
@string{fifth="Fifth"}
@string{sixth="Sixth"}
@string{seventh="Seventh"}
@string{eighth="Eighth"}
@string{ninth="Ninth"}
@string{tenth="Tenth"}
@string{eleventh="Eleventh"}
@string{twelfth="Twelfth"}
@string{thirteenth="Thirteenth"}
@string{fourteenth="Fourteenth"}
@string{fifteenth="Fifteenth"}
@string{sixteenth="Sixteenth"}
@string{seventeenth="Seventeenth"}
@string{eighteenth="Eighteenth"}
@string{nineteenth="Nineteenth"}
@string{twentieth="Twentieth"}
@string{twentyfirst="Twenty-First"}
@string{twentysecond="Twenty-Second"}
@string{twentythird="Twenty-Third"}
@string{twentyfourth="Twenty-Fourth"}
@string{twentyfifth="Twenty-Fifth"}
@string{twentysixth="Twenty-Sixth"}
@string{twentyseventh="Twenty-Seventh"}
@string{twentyeighth="Twenty-Eighth"}

@inproceedings{chilimbi,
 author = {Trishul M. Chilimbi},
 title = {Efficient representations and abstractions for quantifying and exploiting data reference locality},
 booktitle = {Proceedings of the ACM SIGPLAN 2001 conference on Programming language design and implementation},
 year = {2001},
 isbn = {1-58113-414-2},
 pages = {191--202},
 location = {Snowbird, Utah, United States},
 doi = {http://doi.acm.org/10.1145/378795.378840},
 publisher = acmpress,
 }


@Misc{asdl,
  title="Abstract Syntax Description Language",
  howpublished="\url{http://sourceforge.net/projects/asdl}",
  key="ASDL",
}

@Misc{james+:ddl,
  title="Data Definition Language",
  author={Roshan James and Pooja Malpani},
  howpublished="\url{http://www.thinkingms.com/pensieve/homepage/work/system.ddl/index.htm}",
  key="DDL"
}

@article{james+:ddl-dot-net,
  title="Enter the Data Definition Language: A developer perspective",
  author={Roshan James and Pooja Malpani},
 journal = {.NET Developers's Journal},
 year = {2003},
 month = nov,
 howpublished="\url{http://dotnet.sys-con.com/node/39018}",
 publisher={SYS-CON Media, Inc.}
 }


@Book{asn,
  author="Olivier Dubuisson",
  title="{ASN.1}: {C}ommunication between heterogeneous systems",
  publisher="Morgan Kaufmann", 
  year="2001"}


@Misc{erlang,
  title="Erlang bit syntax",
  howpublished="\url{http://www.erlang.se/euc/99/binaries.ps}",
}

@inproceedings{igarasi+:featherweight,
 author = {Atshushi Igarashi and Benjamin Pierce and Philip Wadler},
 title = {{Featherwieght Java}: a minimal core calculus for {Java} and {GJ}},
 booktitle = oopsla,
 year = {1999},
 pages = {132--146},
 publisher = acmpress,
 comment-location = {Denver, Colorado, United States},
 comment-doi = {http://doi.acm.org/10.1145/320384.320395},
 comment-isbn = {1-58113-238-7},
 comment-address = {New York, NY, USA},
 }

@Misc{geneontology,
  author = 	 {Gene Ontology Consortium},
  title = 	 {Gene Ontology Project},
  howpublished = {http://www.geneontology.org/},
}

@Unpublished{fisher+:pads-semantics-ext,
  author = 	 {Kathleen Fisher and Yitzhak Mandelbaum and David Walker},
  title = 	 {A Calculus for Describing Ad Hoc Data},
  note = 	 {Technical Report.},
  month = 	 jun,
  year = 	 {2005},
}

@Misc{newick-data,
  title = {Tree formats},
  howpublished = {Workshop on {M}olecular {E}volution web site},
  note ={\url{http://workshop.molecularevolution.org/resources/fileformats/tree_formats.php}},
  key = "Newick data",
  year = 2003,
}
 
@InProceedings{gpce02, 
       author="Godmar Back",
       title="{D}ata{S}cript - {A} Specification and Scripting 
              Language for Binary Data",
       booktitle = gpce,
       year="2002",
       pages="66-77",
       publisher = lncs,
       volume = "2487"}

@InProceedings{sigcomm00,
  author=         "Peter Mc{C}ann and Satish Chandra",
  title=          "Packet{T}ypes: {A}bstract specificationa of network protocol messages.",
  booktitle=      sigcomm,
  month=          "August",
  year=           "2000",
  pages=          "321-333",
  publisher =     acmpress
}


@InProceedings{kdd98,
  author=         "Corinna Cortes and Daryl Pregibon",
  title=          "Giga Mining",
  booktitle=      "KDD",
  year=           "1998"
}

@InProceedings{kdd99,
       author="Corinna Cortes and Daryl Pregibon",
       title="Information Mining Platform: An
              infrastructure for {KDD} rapid deployment",
       booktitle= "KDD",
       year="1999"}


@InProceedings{kdd00, 
       author="Corinna Cortes and Kathleen Fisher and Daryl Pregibon and Anne Rogers and Frederick Smith",
       title= "Hancock: {A} Language for Extracting Signatures from Data Streams",
       Booktitle= "KDD",
       Year = "2000", 
       pages = "9-17"}

@article{hancock-toplas,
 author = {Corinna Cortes and Kathleen Fisher and Daryl Pregibon and Anne Rogers and Frederick Smith},
 title = {Hancock: A language for analyzing transactional data streams},
 journal = {ACM Trans. Program. Lang. Syst.},
 volume = {26},
 number = {2},
 year = {2004},
 issn = {0164-0925},
 pages = {301--338},
 doi = {http://doi.acm.org/10.1145/973097.973100},
 publisher = acmpress,
 }



@InProceedings{fisher+:pads,
  author = 	 {Kathleen Fisher and Robert Gruber},
  title = 	 {PADS: A domain specific language for processing ad hoc data},
  booktitle = 	 pldi,
  pages = 	 {295-304},
  year = 	 2005,
  month = 	 jun,
  publisher =   acmpress
}

@InProceedings{fisher+:popl06,
  author = 	 {Kathleen Fisher and Yitzhak Mandelbaum and David Walker},
  title = 	 {The Next 700 Data Description Languages},
  booktitle = 	 popl,
  pages = 	 {2-15},
  year = 	 2006,
  month = 	 jan,
  publisher =   acmpress
}

@InProceedings{mandelbaum+:padsml,
  author = 	 {Yitzhak Mandelbaum and Kathleen Fisher and David Walker and Mary Fernandez and Artem Gleyzer},
  title = 	 {{PADS/ML}: A Functional Data Description Language},
  booktitle = 	 popl,
  pages = 	 {77-84},
  year = 	 2007,
  month = 	 jan,
  publisher =   acmpress,
}

@PhdThesis{mandelbaum:thesis,
  author = 	 {Yitzhak Mandelbaum},
  title = 	 {The Theory and Practice of Data Description},
  school = 	 {Princeton University},
  year = 	 {2006},
  month = 	 aug,
}


@PhdThesis{visser:thesis,
  author = 	 {Eelco Visser},
  title = 	 {Syntax Definition for Language Prototyping},
  school = 	 {University of Amsterdam},
  year = 	 {1997},
  month = 	 sep,
}

@article{Vis98.psd,
  author   = {Visser, Eelco},
  title    = {Polymorphic Syntax Definition},
  journal  = {Theoretical Computer Science},
  year     = 1998,
  volume   = 199,
  pages    = {57--86},
  urldoi   = {http://dx.doi.org/10.1016/S0304-3975(97)00268-5},
  urlps    = {http://www.st.ewi.tudelft.nl/~eelco/papers/Vis98.ps},
  pubcat   = {journal},
  project  = {ASF+SDF and SDF},
  category = {refereed},
}


@Misc{netflow,
  title="Cisco NetFlow.",
  howpublished="\url{http://www.cisco.com/warp/public/732/Tech/nmp/netflow/index.shtml}",
}


@Book{pierce:tapl,
  author = 	 {Benjamin C. Pierce},
  title = 	 {Types and Programming Languages},
  publisher = 	 mit-press,
  year = 	 {2002},
  month = 	 feb,
}


@InProceedings{gigascope, 
       author="Chuck Cranor and Yuan Gao and Theodore Johnson and Vlaidslav Shkapenyuk and Oliver Spatscheck",
       title="Gigascope: {H}igh Performance Network Monitoring with an {SQL} Interface",
       booktitle="SIGMOD",
       year="2002",
       publisher = acmpress}


@InProceedings{ast,
  author="Glenn Fowler and David Korn and Stephen North and Phong Vo",
  title="The {AT\&T} {AST} opensource software collection",
  booktitle="Proceedings of the {FREENIX} Track 2000 {U}senix Annual Technical Conference",
  pages ="187-195",
  year ="2000"
}

@Book{wpp,
  author="Balachander Krishnamurthy and Jennifer Rexford",
  title="Web Protocols and Practice",
  publisher="Addison Wesley", 
  year="2001"}
  
@InProceedings{clf-cluster, 
       author="Balachander Krishnamurthy and Jia Wang",
       title="On Network-aware clustering of web clients",
       booktitle="Proceedings of SIGCOMM 2000",
       year="2000",
       publisher = acmpress}

@InProceedings{clf-adaptation, 
       author="Balachander Krishnamurthy and Craig Wills",
       title="Improving web experience by client characterization driven server adaptation",
       booktitle="Proceedings of WWW 2002",
       year="2002",
       publisher = "ACM"}


@Book{xquery,
  editor="Howard Katz",
  title="X{Q}uery from the experts",
  publisher="Addison Wesley", 
  year="2004"}
  
@InProceedings{galax, 
       author="Mary F. Fern\'andez and J\'r\^ome Sim\'eon and Byron Choi and Am\'elie Marian and Gargi Sur",
       title="Implementing {XQ}uery 1.0: {T}he {G}alax Experience.",
       booktitle="VLDB",
       year="2003",
        pages="1077-1080",
       publisher = acmpress}


@Misc{dfdl,
  title="{DFDL} Project",
  howpublished="\url{http://forge.gridforum.org/projects/dfdl-wg}",
}


@InProceedings{brabrand+:xsugar2005,
  author =       {Claus Brabrand and Anders M\o{}ller and Michael I. Schwartzbach},
  title =        {Dual Syntax for {XML} Languages},
  booktitle =    {Tenth International Symposium on Database Programming Languages},
  volume =       {3774},
  year =         {2005},
  month =        {August},
  series =       lncs,
  publisher =    springerver,
  pages =        {27--41},
}

@misc{dfdl-primer,
title="{GGF} {DFDL} Primer", 
author="Mike Beckerle and Martin Westhead", 
howpublished="\url{http://www.ggf.org/Meetings/GGF11/Documents/DFDL_Primer_v2.pdf}",
note="Global Grid Forum",
year="2004",
month="May"
}

@Misc{bfd,
  key = 	 "Binary format definition",
  author = 	 {J. Myers and A. Chappell},
  title = 	 {Binary format definition ({BFD})},
  howpublished = {\url{http://collaboratory.emsl.pnl.gov/sam/bfd/}},
  year = 	 {2000},
}

@misc{dfdl-proposal,
key="DFDL",
title="Data Format Description Language ({DFDL}) A {Proposal}, {Working Draft}, {Global} {Grid} {Forum}", 
year="2005",
month="Aug",
note ="\url{https://forge.gridforum.org/projects/dfdl-wg/document/DFDL_Proposal/en/2}",
}


@Misc{mets,
  key = 	 "METS",
  title = 	 {{METS}: An overview and tutorial.},
  howpublished = {\url{http://www.loc.gov/standards/mets/METSOverview.v2.html}},
  year = 	 {2003},
}

@Misc{galaxmanual,
  title="{G}alax User Manual",
  howpublished="\url{http://www.galaxquery.org/doc.html#manual}",
}


@MastersThesis{sablecc,
  author={\'Etienne Agnon},
  title={Sable{CC}: An Object Oriented Compiler Framework},
  school={School of Computer Science, McGill University, Montreal},
  year = 1998
}

@misc{boag03XQueryDraft,
    title  = {{XQuery 1.0 An XML Query Language, W3C Working Draft}},
    author = "Scott Boag and Don Chamberlin and Mary F. Fern\'andez and
Daniela Florescu and Jonathan Robie and J\'er\^ome Sim\'eon",
    year   = "2004",
    month = "Aug",
    note = "\url{http://www.w3.org/TR/xquery}" }


@Misc{padsmanual,
  title="{PADS} User Manual",
  howpublished="\url{http://www.research.att.com/projects/pads/index.html}",
  note="To appear."
}

@Misc{erlang-bit-syntax,
  title="Proposals for and Experiments with an {E}rlang Bit Syntax",
  howpublished="http://lambda.weblogs.com/discuss/msgReader\$5185",
}

@Misc{http,
  title="Hypertext Transfer Protocol -- {HTTP}/1.1",
  howpublished="\url{http://www.w3.org/Protocols/rfc2616/rfc2616.html}",
}

@Misc{unicode,
  title="Unicode Home Page",
  howpublished="\url{http://www.unicode.org/}",
}

@Unpublished{ckit,
  author=         "Satish Chandra and 
                   Nevin Heintze and David Mac{Q}ueen and 
                   Dino Oliva and Michael Siff",
  title=          "{C}-frontend library for {SML/NJ}",
  note=           "See 
\url{cm.bell-labs.com/cm/cs/what/smlnj.}",
  year=           1999
}

@InProceedings{sfio,
  author =        "David G.~  Korn and Kiem-Phong Vo",
  title =         "{SFIO}: {S}afe/Fast String/File {IO}",
  booktitle =     "Proc. of the Summer '91 Usenix Conference",
  publisher=      "USENIX",
  pages =         "235-256",
  year =          1991
}

@InProceedings{histograms,
  author =        "Sudipto Guha and Piotr Indyk and S. Muthukrishnan and Martin Strauss",
  title =         "Histogramming Data Streams with Fast Per-Item Processing",
  booktitle =     "ICALP",
  pages =         "681-692",
  year =          "2002"
}

@InProceedings{histograms-wavelets,
	author = "Anna C. Gilbert and Sudipto Guha and Piotr Indyk and Yannis Kotidis and S. Muthukrishnan and Martin Strauss",
	title="Fast, small-space algorithms for approximate histogram maintenance",
	booktitle="STOC",
	year="2002",
	pages="389-398"
	}
	
@InProceedings{quantiles,
	author = "Anna C. Gilbert and Yannis Kotidis and S. Muthukrishnan and Martin Strauss",
	title="How to Summarize the Universe: Dynamic Maintenance of Quantiles",
	booktitle="VLDB",
	year="2002",
	pages="454465"
	}
      
@InProceedings{erlang-bits,
  author = 	 {Claes Wikstr\"{o}m and Tony Rogvall},
  title = 	 {Protocol programming in {Erlang} using binaries.},
  booktitle = 	 euc5,
  year = 	 {1999},
  month = 	 oct,
}

@Misc{eger:blt,
  author = 	 {David Eger},
  title = 	 {Bit Level Types},
  howpublished="\url{http://www-2.cs.cmu.edu/~eger/}"
}

@Book{harper:plbook,
  author = 	 {Robert Harper},
  title = 	 {Programming Languages: Theory and Practice.},
  publisher = 	 {Unpublished},
  year = 	 {2005},
  note = 	 {Available at \url{http://www-2.cs.cmu.edu/~rwh/}},
}

@Article{antlr,
  author = 	 {T. J. Parr and R. W. Quong},
  title = 	 {{ANTLR}: A Predicated- {\it LL(k)} Parser Generator.},
  journal = 	 {Software -- practice and experience},
  volume = 	 {25},
  number = 	 {7},
  pages = 	 {789-810},
  year = 	 {1995},
  month = 	 jul,
}


@InProceedings{ford:packrat,
  author =        {Bryan Ford},
  title =         {Packrat parsing:: simple, powerful, lazy, linear time.},
  booktitle =     icfp,
  year =          2002,
  pages =         {36-47},
  month = oct,
  publisher = acmpress,
}


@InProceedings{ford:pegs,
  author =        {Bryan Ford},
  title =         {Parsing expression grammars: a recognition-based syntactic foundation.},
  booktitle =     popl,
  pages =         {111-122},
  year =          2004,
  month = jan,
  publisher = acmpress,
}

@TechReport{grimm:packrat,
  author = 	 {Robert Grimm},
  title = 	 {Practical Packrat Parsing},
  institution =  {New York University},
  year = 	 {2004},
  number = 	 {TR2004-854},
  month = 	 mar,
}

@Article{birman+:parsing,
  author = 	 {Alexander Birman and Jeffrey D. Ullman},
  title = 	 {Parsing algorithms with backtrack},
  journal = 	 {Information and Control},
  year = 	 {1973},
  volume = 	 {23},
  number = 	 {1},
  pages = {1-34},
  month = 	 aug,
}



@InProceedings{sfio,
  author =        "David G.~  Korn and Kiem-Phong Vo",
  title =         "{SFIO}: {S}afe/Fast String/File {IO}",
  booktitle =     "Proc. of the Summer '91 Usenix Conference",
  publisher=      "USENIX",
  pages =         {235-256},
  year =          1991
}

@InProceedings{gustafsson+:binaries,
  author = 	 {Per Gustafsson and Konstantinos Sagonas},
  title = 	 {Adaptive Pattern Matching on Binary Data.},
  booktitle = 	 esop,
  year = 	 2004,
  pages =        {124-139},
  publisher =    springer,
  month = 	 mar,
}

@Article{landin:700,
  author = 	 {P. J. Landin},
  title = 	 {The next 700 programming languages},
  journal = 	 {Communications of the {ACM}},
  year = 	 {1966},
  volume = 	 {9},
  number = 	 {3},
  pages = 	 {157 - 166},
  month = 	 mar,
}

@phdThesis{girard:SystemF,
  author = 	 {Jean-Yves Girard},
  title = 	 {Interpr\'{e}tation fonctionnelle et \'{e}limination des coupures de l'arithm\'{e}tique d'ordre sup\'{e}rieur.},
  school = 	 {Th\`{e}se d'\'{e}tat, Universit\'{e} Paris VII},
  year = 	 {1972},
  note =         {Summary in \textit{Proceedings of the Second Scandinavian Logic Symposium} (J.E. Fenstad, editor), North-Holland, 1971 (pp. 63-92)}
}

@inproceedings{reynolds:SystemF,
author = {John C. Reynolds},
title = {Towards a theory of type structure},
booktitle = {Paris Colloquium on Programming},
year = {1974},
pages = {141--156},
location = {Berlin},
doi = {http://doi.acm.org/10.1145/872757.872799},
publisher = springerver,
}


@article{zhao+:sigmod05,
  author = 	 {Yong Zhao and Jed Dobson and Ian Foster and Luc Moreau and Micael Wilde},
  title = 	 {A notation and system for expressing and executing cleanly typed workflows on messy scientific data},
  journal = 	 {{ACM SIGMOD Record}},
  pages = 	 {37-43},
  year = 	 {2005},
  volume = 	 {34},
  number = 	 {3},
}

@InProceedings{xdtm,
  author = 	 {Luc Moreau and Yong Zhao and Ian Foster and Jens Voeckler and Micael Wilde},
  title = 	 {{XDTM}: The {XML} Data Type and Mapping for Specifying Datasets},
  booktitle = 	 {European Grid Conference},
  year = 	 {2005},
}


@Misc{hdf5,
  key = 	 {Hierarchical Data Format 5},
  title = 	 {Hierarchical Data Format 5},
  howpublished = {National Center for Supercomputing Applications (NCSA) at the University of Illinois at Urbana-Champaign (UIUC)},
  note =  {\url{http://hdf.ncsa.uiuc.edu/HDF5/}},
  year = 2007,
}

@inproceedings{paxson:bro,
  title = 	 {A System for Detecting Network Intruders in Real-Time},
  author = {Vern Paxson},
  booktitle =    {Computer Networks},
  year = 	 {1999},
  month = 	 dec,
}

@Book{appel:mci,
 author = {Andrew W. Appel},
 title = {Modern Compiler Implementation in ML},
 year = {1998},
 isbn = {0-521-58274-1},
 publisher = {Cambridge University Press},
 address = {New York, NY, USA},
 }

@Article{lieberherr+:class-dictionaries,
  author = 	 {Karl Lieberherr},
  title = 	 {Object-Oriented Programming with Class Dictionaries},
  journal = 	 {Lisp and Symbolic Computation},
  year = 	 {1988},
  volume = 	 {1},
  pages = 	 {185-212},
}


@InProceedings{launchpads:planx,
  author = 	 {Mark Daly and Mary Fern\'andez and Kathleen Fisher and Yitzhak Mandelbaum and David Walker},
  title = 	 {{LaunchPADS}: A System for Processing Ad Hoc Data},
  booktitle = 	 {Demo paper for the Workshop on Programming Language Technologies for {XML}},
  year = 	 2006,
  month = 	 jan,
}

@InProceedings{launchpads:sigmod,
  author = 	 {Mark Daly and Mary Fern\'andez and Kathleen Fisher and Robert Gruber and Yitzhak Mandelbaum and David Walker and Xuan Zheng},
  title = 	 {{PADS}: An End-to-end System for Processing Ad Hoc Data},
  booktitle = 	 {Demo paper for the 2006 {ACM SIGMOD} International Conference on Management of Data},
  year = 	 2006,
  month = 	 jun,
}

@Book{burge:parser-combinators,
  author = 	 {William Burge},
  title = 	 {Recursive Programming Techniques},
  publisher = 	 {Addison Wesley},
  year = 	 {1975}
}

@InProceedings{lammel+:syb,
  author    = {Ralf L{\"a}mmel and Simon {Peyton Jones}},
  title     = {Scrap your boilerplate:
               a practical design pattern for generic programming},
  booktitle   = {{ACM SIGPLAN} Workshop on Types in Language Design and Implementation},
  publisher = acmpress,
  pages     = "26--37",
  month     = mar,
  year      = "2003",
}

@TECHREPORT{hinze+:generic-haskell,
author = {Ralf Hinze and Johan Jeuring},
year = 2003,
title = {Generic {H}askell: Practice and Theory},
number = {UU-CS-2003-015},
institution = {Institute of Information and Computing Sciences, Utrecht University},
urlpdf = {{http://archive.cs.uu.nl/pub/RUU/CS/techreps/CS-2003/2003-015.pdf}},
pubcat = {techreport}
}

@InProceedings{jeuring+:polytypic-programming,
  author = 	 {J. Jeuring and P. Jansson},
  title = 	 {Polytypic programming},
  booktitle = 	 {Second International School on Advanced Functional Programming},
  pages = 	 "68-114",
  year = 	 1996,
  volume = 	 1129,
  series = 	 lncs,
  month = 	 aug,

}


@InProceedings{jansson+:99,
  author = 	 {Patrik Jansson and Johan Jeuring},
  title = 	 {Polytypic Compact Printing and Parsing},
  booktitle = 	 {European Symposium on Programming},
  pages = 	 {273--287},
  year = 	 {1999},
  number = 	 {1576},
  series = 	 {Lecture Notes in Computer Science},
}

@Article{jansson+:02,
  author = 	 {Patrik Jansson and Johan Jeuring},
  title = 	 {Polytypic Data Conversion Programs},
  journal = 	 {Science of Computer Programming},
  year = 	 {2002},
  volume = 	 {43},
  number = 	 {1},
  pages = 	 {35-75},
}


@PhdThesis{jansson:phdthesis,
  author = 	 {Patrik Jansson},
  title = 	 {Functional Polytypic Programming},
  school = 	 {Chalmers University of Technology and G\"{o}teborg University},
  year = 	 {2000},
}

@inproceedings{jansson+:97,
 author      ="P. Jansson and J. Jeuring",
 title       ="Poly{P} - a polytypic programming language extension",
 booktitle   ="{POPL} '97: The 24th {ACM SIGPLAN-SIGACT} {S}ymposium on {P}rinciples of {P}rogramming {L}anguages", 
 publisher   ="ACM Press",
 pages       ="470--482", 
 year        ="1997",
 documentURL ="http://www.cs.chalmers.se/~patrikj/poly/polypPOPL97/"
}


@InProceedings{hinze+:generic-programming,
  author = 	 {Ralf Hinze},
  title = 	 {A New Approach to Generic Functional Programming},
  booktitle = 	 popl,
  pages = 	 "119-132",
  year = 	 2000,
  month = 	 jan,
}

@InProceedings{hinze:masses,
  author = 	 {Ralf Hinze},
  title = 	 {Generics for the Masses},
  booktitle = 	 icfp,
  pages = 	 "236-243",
  year = 	 2004,
  month = 	 sep,
}


@article{henglein:poly-recursion,
 author = {Fritz Henglein},
 title = {Type inference with polymorphic recursion},
 journal = toplas,
 volume = {15},
 number = {2},
 year = {1993},
 issn = {0164-0925},
 pages = {253--289},
 doi = {http://doi.acm.org/10.1145/169701.169692},
 publisher = acmpress,
 address = {New York, NY, USA},
 }

@TechReport{mandelbaum+:padsmltr,
  author = 	 {Yitzhak Mandelbaum and Kathleen Fisher and David Walker and Mary Fern\'andez and Artem Gleyzer},
  title = 	 {{PADS/ML}: A functional data description language},
  institution =  {Princeton University},
  year = 	 {2006},
  number = 	 {TR-761-06},
  month = 	 jul,
}



@INPROCEEDINGS{weelden+:polytypic-ast,
  AUTHOR = {Arjen van Weelden and Sjaak Smetsers and Rinus Plasmeijer},
  TITLE = {Polytypic Syntax Tree Operations},
  YEAR = {2005},
  BOOKTITLE = {Implementation and Application of Functional Languages, 17th
International Workshop, IFL 2005, Revised Selected Papers},
  MONTH = {September},
  ADDRESS = {Dublin, Ireland},
  PUBLISHER = springer,
  SERIES = lncs,
  VOLUME = {4015},
}

@Misc{jxm,
  key = 	 {{JXM}},
  title = 	 {Java {XML} Mapping},
  howpublished = {\url{http://jxm.sourceforge.net/manual.html}},
  year = 	 {2003},
}




@inproceedings{hughes+:polish-parsing,
 author = {Hughes,, R. John M. and Swierstra,, S. Doaitse},
 title = {Polish parsers, step by step},
 booktitle = {ICFP '03: Proceedings of the eighth ACM SIGPLAN international conference on Functional programming},
 year = {2003},
 isbn = {1-58113-756-7},
 pages = {239--248},
 location = {Uppsala, Sweden},
 doi = {http://doi.acm.org/10.1145/944705.944727},
 publisher = {ACM},
 address = {New York, NY, USA},
 }


@InBook{asfchapter,
  author = 	 {J. A. Bergstra and J. Heering and P. Klint},
  editor = 	 {J. A. Bergstra and J. Heering and P. Klint},
  title = 	 {Algebraic Specification},
  pages =        {1-66},
  chapter = 	 {1},
  publisher = 	 {ACM Press in co-operations with Addison-Wesley},
  year = 	 {1989},
  series = 	 {ACM Press Frontier Series},
}

@inproceedings{swierstra+:fast-error-correcting,
 author = {Swierstra,, S. Doaitse and Duponcheel,, Luc},
 title = {Deterministic, Error-Correcting Combinator Parsers},
 booktitle = {Advanced Functional Programming, Second International School-Tutorial Text},
 year = {1996},
 isbn = {3-540-61628-4},
 pages = {184--207},
 publisher = {Springer-Verlag},
 address = {London, UK},
 }

@inproceedings{swierstra+:deterministic-error-correcting,
 author = {Swierstra,, S. Doaitse and Alcocer,, Pablo R. Azero},
 title = {Fast, Error Correcting Parser Combinatiors: A Short Tutorial},
 booktitle = {SOFSEM '99: Proceedings of the 26th Conference on Current Trends in Theory and Practice of Informatics on Theory and Practice of Informatics},
 year = {1999},
 isbn = {3-540-66694-X},
 pages = {112--131},
 publisher = {Springer-Verlag},
 address = {London, UK},
 }

@InProceedings{swierstra:toys-parsing,
    author = {S. Doaitse Swierstra},
    booktitle = {2000 ACM SIGPLAN Haskell Workshop},
    title = {Combinator Parsers: From Toys to Tools},
    publisher = elsevier,
    series = entcs,
    volume = {41},
    issue = {1},
    month = aug,
    pages = {38-59},
    year = {2001}
}

@INPROCEEDINGS{wadler:failure-successes,
  AUTHOR = {Philip Wadler},
  TITLE = {How to replace failure with a list of successes},
  BOOKTITLE = {Functional Programming Languages and Computer Architecture},
  PUBLISHER = springerver,
  SERIES = lncs,
  VOLUME = {201},
  YEAR={1985},
  PAGES = {113-128}
}

@article{hutton:higher-order-parsing,
        author = "Graham Hutton",
        title = "{Higher-order Functions for Parsing}",
        journal = "Journal of Functional Programming",
        publisher = "Cambridge University Press",
        volume = 2,
        number = 3,
        pages = "323--343",
        month = jul,
        year = 1992}

@article{hutton+:monadic-parsing,
        author = "Graham Hutton and Erik Meijer",
        title = "{Monadic Parsing in Haskell}",
        journal = "Journal of Functional Programming",
        publisher = "Cambridge University Press",
        volume = 8,
        number = 4,
        month = jul,
        year = 1998,
        pages = "437--444"}

@TechReport{leijen+:parsec,
  author       = {Daan Leijen and Erik Meijer},
  title        = {Parsec\string: Direct Style Monadic Parser Combinators
                  for the Real World},
  institution  = {Department of Computer Science, Universiteit Utrecht},
  number       = {UU-CS-2001-27},
  year         = 2001,
  url          = {http://www.cs.uu.nl/~daan/parsec.html}
}

@inproceedings{fokker:functional-parsers,
	address = {London, UK},
	author = {Fokker, Jeroen},
	booktitle = {Advanced Functional Programming, First International Spring School on Advanced Functional Programming Techniques-Tutorial Text},
	citeulike-article-id = {3150433},
	isbn = {3540594515},
	keywords = {lecture-cs-252r},
	pages = {1--23},
	posted-at = {2008-08-23 07:24:58},
	priority = {0},
	publisher = {Springer-Verlag},
	title = {Functional Parsers},
	url = {http://portal.acm.org/citation.cfm?id=734153},
	year = {1995}
}

 @INPROCEEDINGS{frost+:padl-pcombs,
    author = {Richard A. Frost and Rahmatullah Hafiz and Paul Callaghan},
    title = {Parser combinators for ambiguous left-recursive grammars},
    booktitle = {Practical Aspects of Declarative Languages},
    series = lncs,
    publisher = springer,
    year = {2008}
}

@misc{peake+:earley-cps,
author = {Ian Peake and Sean Seefried},
year = {2004},
month = {September},
title = {A combinator parser for Earley's algorithm},
howpublished =  {\url{http://goanna.cs.rmit.edu.au/~ipeake/pubs/earley-cps.pdf}},
note = {Work in progress},
}


@inproceedings{oury+:power-of-pi,
 author = {Oury, Nicolas and Swierstra, Wouter},
 title = {The power of Pi},
 booktitle = {ICFP '08: Proceedings of the 13th ACM SIGPLAN international conference on Functional programming},
 year = {2008},
 isbn = {978-1-59593-919-7},
 pages = {39--50},
 location = {Victoria, BC, Canada},
 doi = {http://doi.acm.org/10.1145/1411204.1411213},
 publisher = {ACM},
 address = {New York, NY, USA},
 }

@Article{rus:algebra,
  author = 	 {T. Rus},
  title = 	 {$\Sigma S$-Algebra of a formal language},
  journal = 	 {Bulletin Mathematique de la Societe de Science, Bucharest},
  year = 	 {1972},
  OPTkey = 	 {},
  OPTvolume = 	 {15},
  OPTnumber = 	 {63-2},
  OPTpages = 	 {227-235},
  OPTmonth = 	 {},
  OPTnote = 	 {},
  OPTannote = 	 {}
}

