%% This BibTeX bibliography file was created using BibDesk.
%% http://bibdesk.sourceforge.net/


%% Created for Paul DeVito at 2007-01-07 16:48:34 -0500 


%% Saved with string encoding Western (ASCII) 



@manual{pscico,
	Author = {Guy Blelloch},
	Date-Added = {2007-01-07 16:46:55 -0500},
	Date-Modified = {2007-01-07 16:48:30 -0500},
	Title = {The PSciCo Project},
	Url = {http://www.cs.cmu.edu/~pscico/}}

@manual{apache,
	Date-Added = {2007-01-07 16:44:02 -0500},
	Date-Modified = {2007-01-07 16:45:31 -0500},
	Edition = {2.2},
	Organization = {The Apache Software Foundation},
	Title = {Log Files - Apache HTTP Server},
	Url = {http://httpd.apache.org/docs/2.2/logs.html},
	Year = {2006}}

@manual{plist,
	Date-Added = {2007-01-07 16:38:25 -0500},
	Date-Modified = {2007-01-07 16:42:41 -0500},
	Edition = {3},
	Month = {2},
	Organization = {Apple Computer},
	Title = {Property List Programming Topics for Core Foundation},
	Url = {http://developer.apple.com/documentation/CoreFoundation/Conceptual/CFPropertyLists/index.html},
	Year = {2006}}

@unpublished{Lehman,
	Author = {Eric Lehman and Tom Leighton},
	Date-Added = {2007-01-07 15:25:41 -0500},
	Date-Modified = {2007-01-07 15:28:07 -0500},
	Note = {Discrete Mathematics Textbook},
	Title = {Mathematics for Computer Science},
	Url = {http://www.cs.princeton.edu/courses/archive/fall06/cos341/handouts},
	Year = {2004}}

@conference{Daly,
	Author = {Mark Daly and Yitzhak Mandelbaum and David Walker and Mary Fernandez and Kathleen Fisher},
	Booktitle = {SIGMOD},
	Date-Added = {2007-01-06 21:59:37 -0500},
	Date-Modified = {2007-01-06 22:03:24 -0500},
	Publisher = {ACM},
	Title = {PADS: An end-to-end system for processing ad hoc data},
	Year = {2006}}

@manual{PADSManual,
	Date-Added = {2007-01-06 21:51:36 -0500},
	Date-Modified = {2007-01-06 22:10:52 -0500},
	Month = {September},
	Organization = {AT\&T Corporation},
	Title = {PADS Manual Version 1.03},
	Url = {http://www.padsproj.org},
	Year = {2006}}

@article{King,
	Author = {Ronald S King and James J Legendre},
	Date-Added = {2007-01-06 21:36:11 -0500},
	Date-Modified = {2007-01-06 21:40:36 -0500},
	Journal = {Journal of Applied Mathematics and Decision Sciences},
	Number = {1},
	Pages = {49-59},
	Title = {Discovery of functional and approximate functional dependencies in relational databases},
	Volume = {7},
	Year = {2003}}

@article{Mannila,
	Author = {H Mannila and K-J Raiha},
	Date-Added = {2007-01-06 21:34:25 -0500},
	Date-Modified = {2007-01-06 21:36:04 -0500},
	Journal = {Combinatorial problems in databases},
	Number = {2},
	Pages = {237-243},
	Title = {On the complexity of interring functional dependencies},
	Volume = {40},
	Year = {1992}}

@article{Matos,
	Author = {Victor Matos and Becky Grasser},
	Date-Added = {2007-01-06 21:26:02 -0500},
	Date-Modified = {2007-01-06 21:27:13 -0500},
	Journal = {ACM SIGCSE Bulletin},
	Number = {4},
	Pages = {58-63},
	Title = {SQL-based discovery of exact and approximate functional dependencies},
	Volume = {36},
	Year = {2004}}

@article{Novelli,
	Author = {N Novelli and R Cicchetti},
	Date-Added = {2007-01-06 21:20:41 -0500},
	Date-Modified = {2007-01-06 21:22:38 -0500},
	Journal = {Information Systems},
	Pages = {477-506},
	Title = {Functional and embedded dependency inference: a data mining point of view},
	Volume = {26},
	Year = {2001}}

@conference{Mandelbaum,
	Author = {Yitzhak Mandelbaum and Kathleen Fisher and David Walker and Mary Fernandez and Artem Gleyzer},
	Booktitle = {POPL},
	Date-Added = {2007-01-06 20:37:11 -0500},
	Date-Modified = {2007-01-06 22:07:00 -0500},
	Publisher = {ACM},
	Title = {PADS/ML: A functional data description language},
	Year = {2007}}

@article{Wyss,
	Author = {Catharine Wyss and Chris Giannella and Edward Robertson and Yahiko Kambayashi and Werner Winiwarter and Masatoshi Arikawa},
	Date-Added = {2007-01-06 20:25:39 -0500},
	Date-Modified = {2007-01-06 20:30:02 -0500},
	Journal = {Lecture notes in computer science},
	Pages = {101-110},
	Title = {FastFDs: A heuristic driven, depth-first algorithm for mining functional dependencies from relation instances: Extended abstract},
	Volume = {2114},
	Year = {2001}}

@article{Huhtala,
	Author = {Yka Huhtal and Juha Karkkainene and Pasi Porkka and Hannu Toivonen},
	Date-Added = {2007-01-06 18:54:35 -0500},
	Date-Modified = {2007-01-06 20:25:02 -0500},
	Journal = {The Computer Journal},
	Number = {2},
	Pages = {100-111},
	Title = {TANE: An Efficient Algorithm for Discovering Functional and Approximate Dependencies},
	Volume = {42},
	Year = {1999}}

@article{nnets,
	Address = {Oxford, UK, UK},
	Author = {K. Funahashi},
	Doi = {http://dx.doi.org/10.1016/0893-6080(89)90003-8},
	Issn = {0893-6080},
	Journal = {Neural Netw.},
	Number = {3},
	Pages = {183--192},
	Publisher = {Elsevier Science Ltd.},
	Title = {On the approximate realization of continuous mappings by neural networks},
	Volume = {2},
	Year = {1989}}

@article{svm,
	Author = {Christopher Burges},
	Journal = {Data Mining and Knowledge Discovery},
	Number = {2},
	Pages = {100-111},
	Title = {A Tutorial on Support Vector Machines for Pattern Recognition},
	Volume = {2},
	Year = {1998}}

@article{Marchi,
 author = {Fabien De Marchi and St\&\#233;phane Lopes and Jean-Marc Petit and Farouk Toumani},
 title = {Analysis of existing databases at the logical level: the DBA companion project},
 journal = {SIGMOD Rec.},
 volume = {32},
 number = {1},
 year = {2003},
 issn = {0163-5808},
 pages = {47--52},
 doi = {http://doi.acm.org/10.1145/640990.640997},
 publisher = {ACM Press},
 address = {New York, NY, USA},
 }
