@string{cmu-cs = "Carnegie Mellon University, School of Computer Science"}
@string{cornell-cs = "Department of Computer Science, Cornell University"}
@string{dec-src = "Digital Equipment Corporation, Systems Research Center"}
@string{edin-cs = "Department of Computer Science, University of Edinburgh"}
@string{inria = "Institut National de Recherche en Informatique et Automatique (INRIA)"}
@string{yale-cs = "Yale University, Department of Computer Science"}

@string{euc5 = "Fifth International {Erlang/OTP} User Conference"}
@string{sigcomm = "{ACM} Conference of Special Interest Group on Data Communications"}
@string{oopsla = "{ACM} Conference on Object-oriented Programming, Systems, Languages, and Applications"}
@string{gpce = "Generative Programming and Component Engineering"}
@string{cade = "International Conference on Automated Deduction"}
@string{dpbl = "Database Programming Languages"}
@string{esop = "European Symposium on Programming"}
@string{fool = "Foundations of Object-Oriented Languages Workshop"}
@string{fpca = "Conference on Functional Programming Languages and Computer Architecture"}
@string{icalp = "International Colloquium on Automata, Languages, and Programming"}
@string{icfp = "{ACM} International Conference on Functional Programming"}
@string{icfpca = "{ACM} International Conference on Functional Programming and Computer Architecture"}
@string{lfp = "{ACM} Conference on {Lisp} and Functional Programming"}
@string{lics = "{IEEE} Symposium on Logic in Computer Science"}
@string{mfps = "Mathematical Foundations of Programming Semantics"}
@string{pldi = "{ACM} Conference on Programming Language Design and Implementation"}
@string{popl = "{ACM} Symposium on Principles of Programming Languages"}
@string{tacs = "Theoretical Aspects of Computer Software"}
@string{tic = "Workshop on Types in Compilation"}
@string{tlca = "International Conference on Typed Lambda Calculi and Applications"}

@string{info-comp = "Information and Computation"}
@string{jacm = "Journal of the {ACM}"}
@string{jfp = "Journal of Functional Programming"}
@string{mscs = "Mathematical Structures in Computer Science"}
@string{tcs = "Theoretical Computer Science"}
@string{toplas = "{ACM} Transactions on Programming Languages and Systems"}

@string{lncs = "Lecture Notes in Computer Science"}
@string{encs="Electronic Notes in Computer Science"}
@string{academic = "Academic Press"}
@string{cambridge-press = "Cambridge University Press"}
@string{chapman = "Chapman \& Hall"}
@string{elsevier = "Elsevier"}
@string{mit-press = "The MIT Press"}
@string{noholland = "North-Holland"}
@string{springer = "Springer"}
@string{springerver = "Springer-Verlag"}
@string{acmpress = "{ACM} Press"}

@string{cam-ma = "Cambridge, Massachusetts"}
@string{ith-ny = "Ithaca, New York"}
@string{pgh-pa = "Pittsburgh, Pennsylvania"}

@string{o1="First"}
@string{o2="Second"}
@string{o3="Third"}
@string{o4="Fourth"}
@string{o5="Fifth"}
@string{o6="Sixth"}
@string{o7="Seventh"}
@string{o8="Eighth"}
@string{o9="Ninth"}
@string{o10="Tenth"}
@string{o11="Eleventh"}
@string{o12="Twelfth"}
@string{o13="Thirteenth"}
@string{o14="Fourteenth"}
@string{o15="Fifteenth"}
@string{o16="Sixteenth"}
@string{o17="Seventeenth"}
@string{o18="Eighteenth"}
@string{o19="Nineteenth"}
@string{o20="Twentieth"}
@string{o21="Twenty-First"}
@string{o22="Twenty-Second"}
@string{o23="Twenty-Third"}
@string{o24="Twenty-Fourth"}
@string{o25="Twenty-Fifth"}
@string{o26="Twenty-Sixth"}
@string{IWMM = "International Workshop on Memory Management"}
@string{csurv = "Computing Surveys"}
@string{sicomp="{SIAM} Journal on Computing"}
@string{polymorphism="Polymorphism: The {ML}/{LCF}/{HOPE} Newsletter"}
@string{tcs="Theoretical Computer Science"}
@string{jcss="Journal of Computer and System Sciences"}
@string{cacm="Communications of the {ACM}"}
@string{toplas="{ACM} Transactions on Progamming Languages and Systems"}
@string{loplas="{ACM} Letters on Progamming Languages and Systems"}
@string{jacm="Journal of the {ACM}"}
@string{jsl="Journal of Symbolic Logic"}
@string{zml="Zeitschrift {f\"ur} Mathematische Logik und Grundlagen der Mathematik"}
@string{icold="Information and Control"}
@string{ic="Information and Computation"}
@string{aml="Annals of Mathematical Logic"}
@string{apal="Annals of Pure and Applied Logic"}
@string{jar="Journal of Automated Reasoning"}
@string{jsc="Journal of Symbolic Computation"}
@string{cs="Computing Surveys"}
@string{ipl="Information Processing Letters"}
@string{jlp="Journal of Logic Programming"}
@string{scp="Science of Computer Programming"}
@string{ai="Acta Informatica"}
@string{lasc="{LISP} and Symbolic Computation"}
@string{jfp="Journal of Functional Programming"}
@string{mscs="Mathematical Structures in Computer Science"}

@string{lncs="Lecture Notes in Computer Science"}
@string{lnm="Lectures Notes in Mathematics"}

@string{popl=" {ACM} Symposium on Principles of Programming Languages"}
@string{sosp=" {ACM} Symposium on Operating Systems Principles"}
@string{lics=" Symposium on Logic in Computer Science"}
@string{cade=" Conference on Automated Deduction"}
@string{lofp="Logics of Programs"}
@string{fpca=" {ACM} Conference on Functional Programming and Computer Architecture"}
@string{stoc=" Symposium on the Theory of Computing"}
@string{focs=" Symposium  on the Foundations of Computer Science"}
@string{icalp=" International Colloquium on Automata, Languages, and
                  Programming"}
@string{pldi="{ACM} Conference on Programming Language Design and
                  Implementation"}
@string{pepm=" {ACM} Conference on Partial Evaluation and Semantics-Based
                Program Manipulation"}
@string{lfp=" {ACM} Conference on Lisp and Functional Programming"}
@string{tic="Workshop on Types in Compilation"}

@string{nh="North-Holland"}
@string{ph="Prentice-Hall"}
@string{aw="Addison-Wesley"}
@string{ap="Academic Press"}
@string{cup="Cambridge University Press"}
@string{mitp="MIT Press"}

@string{cornell-cs = "Department of Computer Science, Cornell University"}

@string{first="First"}
@string{second="Second"}
@string{third="Third"}
@string{fourth="Fourth"}
@string{fifth="Fifth"}
@string{sixth="Sixth"}
@string{seventh="Seventh"}
@string{eighth="Eighth"}
@string{ninth="Ninth"}
@string{tenth="Tenth"}
@string{eleventh="Eleventh"}
@string{twelfth="Twelfth"}
@string{thirteenth="Thirteenth"}
@string{fourteenth="Fourteenth"}
@string{fifteenth="Fifteenth"}
@string{sixteenth="Sixteenth"}
@string{seventeenth="Seventeenth"}
@string{eighteenth="Eighteenth"}
@string{nineteenth="Nineteenth"}
@string{twentieth="Twentieth"}
@string{twentyfirst="Twenty-First"}
@string{twentysecond="Twenty-Second"}
@string{twentythird="Twenty-Third"}
@string{twentyfourth="Twenty-Fourth"}
@string{twentyfifth="Twenty-Fifth"}
@string{twentysixth="Twenty-Sixth"}
@string{twentyseventh="Twenty-Seventh"}
@string{twentyeighth="Twenty-Eighth"}

@inproceedings{chilimbi,
 author = {Trishul M. Chilimbi},
 title = {Efficient representations and abstractions for quantifying and exploiting data reference locality},
 booktitle = {Proceedings of the ACM SIGPLAN 2001 conference on Programming language design and implementation},
 year = {2001},
 isbn = {1-58113-414-2},
 pages = {191--202},
 location = {Snowbird, Utah, United States},
 doi = {http://doi.acm.org/10.1145/378795.378840},
 publisher = acmpress,
 }


@Misc{asdl,
  title="Abstract Syntax Description Language",
  howpublished="\url{http://sourceforge.net/projects/asdl}",
}

@Book{asn,
  author="Olivier Dubuisson",
  title="{ASN.1}: {C}ommunication between heterogeneous systems",
  publisher="Morgan Kaufmann",
  year=2001}


@Misc{erlang,
  title="Erlang bit syntax",
  howpublished="\url{http://www.erlang.se/euc/99/binaries.ps}",
}

@inproceedings{igarasi+:featherweight,
 author = {Atshushi Igarashi and Benjamin Pierce and Philip Wadler},
 title = {{Featherwieght Java}: a minimal core calculus for {Java} and {GJ}},
 booktitle = oopsla,
 year = {1999},
 pages = {132--146},
 publisher = acmpress,
 comment-location = {Denver, Colorado, United States},
 comment-doi = {http://doi.acm.org/10.1145/320384.320395},
 comment-isbn = {1-58113-238-7},
 comment-address = {New York, NY, USA},
 }

@Misc{geneontology,
  title = 	 {Gene Ontology Project},
  note  =       {http://www.geneontology.org/},
}

@Unpublished{fisher+:pads-semantics-ext,
  author = 	 {Kathleen Fisher and Yitzhak Mandelbaum and David Walker},
  title = 	 {A Calculus for Describing Ad Hoc Data},
  note = 	 {Technical Report.},
  month = 	 jun,
  year = 	 {2005},
}

@Misc{newick,
  title = "Tree Formats. {Workshop} on Molecular Evolution.",
  howpublished="\url{http://workshop.molecularevolution.org/resources/fileformats/tree_formats.php}",
  key = "Newick"
}

@InProceedings{gpce02,
       author="Godmar Back",
       title="{D}ata{S}cript - {A} Specification and Scripting
              Language for Binary Data",
       booktitle = gpce,
       year="2002",
       pages="66-77",
       publisher = lncs,
       volume = "2487"}


@InProceedings{cheney-dbpl07,
       author="James Cheney and Amal Ahmed and Umut A. Acar",
       title="Provenance as Dependency Analysis",
       booktitle = dpbl,
       year="2007",
       pages="138-152",
       publisher = lncs,
       volume = "4797"}

@InProceedings{sigcomm00,
  author=         "Peter Mc{C}ann and Satish Chandra",
  title=          "Packet{T}ypes: {A}bstract specificationa of network protocol messages.",
  booktitle=      sigcomm,
  month=          "August",
  year=           "2000",
  pages=          "321-333",
  publisher =     acmpress
}


@InProceedings{kdd98,
  author=         "Corinna Cortes and Daryl Pregibon",
  title=          "Giga Mining",
  booktitle=      "KDD",
  year=           "1998"
}

@InProceedings{kdd99,
       author="Corinna Cortes and Daryl Pregibon",
       title="Information Mining Platform: An
              infrastructure for {KDD} rapid deployment",
       booktitle= "KDD",
       year="1999"}


@InProceedings{kdd00,
       author="Corinna Cortes and Kathleen Fisher and Daryl Pregibon and Anne Rogers and Frederick Smith",
       title= "Hancock: {A} Language for Extracting Signatures from Data Streams",
       Booktitle= "KDD",
       Year = "2000",
       pages = "9-17"}

@article{hancock-toplas,
 author = {Corinna Cortes and Kathleen Fisher and Daryl Pregibon and Anne Rogers and Frederick Smith},
 title = {Hancock: A language for analyzing transactional data streams},
 journal = {ACM Trans. Program. Lang. Syst.},
 volume = {26},
 number = {2},
 year = {2004},
 issn = {0164-0925},
 pages = {301--338},
 doi = {http://doi.acm.org/10.1145/973097.973100},
 publisher = acmpress,
 }

@InProceedings{fisher+:pads,
  author = 	 {Kathleen Fisher and Robert Gruber},
  title = 	 {{PADS}: {A} domain specific language for processing ad hoc data},
  booktitle = 	 {PLDI},
  pages = 	 {295-304},
  year = 	 2005,
  month = 	 jun,
  publisher =   acmpress
}

@InProceedings{fisher+:popl06,
  author = 	 {Kathleen Fisher and Yitzhak Mandelbaum and David Walker},
  title = 	 {The Next 700 Data Description Languages},
  booktitle =  popl,
  year = 	 {2006},
  month = 	 jan,
  publisher = acmpress

}

@InProceedings{mandelbaum+:pads-ml,
  author = 	 {Yitzhak Mandelbaum and Kathleen Fisher and David Walker and Mary
              Fernandez and Artem Gleyzer},
  title = 	 {{PADS/ML}: {A} Functional Data Description Language},
  booktitle =  popl,
  year = 	 {2007},
  month = 	 jan,
  publisher = acmpress
}

@Misc{netflow,
  title="Cisco NetFlow.",
  howpublished="\url{http://www.cisco.com/warp/public/732/Tech/nmp/netflow/index.shtml}",
}

@InProceedings{gigascope,
       author="Chuck Cranor and Yuan Gao and Theodore Johnson and Vlaidslav Shkapenyuk and Oliver Spatscheck",
       title="Gigascope: {H}igh Performance Network Monitoring with an {SQL} Interface",
       booktitle="SIGMOD",
       year="2002",
       publisher = acmpress}


@InProceedings{ast,
  author="Glenn Fowler and David Korn and Stephen North and Phong Vo",
  title="The {AT\&T} {AST} opensource software collection",
  booktitle="Proceedings of the {FREENIX} Track 2000 {U}senix Annual Technical Conference",
  pages ="187-195",
  year ="2000"
}

@Book{wpp,
  author="Balachander Krishnamurthy and Jennifer Rexford",
  title="Web Protocols and Practice",
  publisher="Addison Wesley",
  year="2001"}

@InProceedings{clf-cluster,
       author="Balachander Krishnamurthy and Jia Wang",
       title="On Network-aware clustering of web clients",
       booktitle="Proceedings of SIGCOMM 2000",
       year="2000",
       publisher = acmpress}

@InProceedings{clf-adaptation,
       author="Balachander Krishnamurthy and Craig Wills",
       title="Improving web experience by client characterization driven server adaptation",
       booktitle="Proceedings of WWW 2002",
       year="2002",
       publisher = "ACM"}


@Book{xquery,
  editor="Howard Katz",
  title="X{Q}uery from the experts",
  publisher="Addison Wesley",
  year="2004"}

@InProceedings{galax,
       author="Mary F. Fern\'andez and J\'r\^ome Sim\'eon and Byron Choi and Am\'elie Marian and Gargi Sur",
       title="Implementing {XQ}uery 1.0: {T}he {G}alax Experience.",
       booktitle="VLDB",
       year="2003",
        pages="1077-1080",
       publisher = acmpress}


@Misc{dfdl,
  title="{DFDL} Project",
  howpublished="\url{http://forge.gridforum.org/projects/dfdl-wg}",
}

@Misc{galaxmanual,
  title="{G}alax User Manual",
  howpublished="\url{http://www.galaxquery.org/doc.html#manual}",
}

@InProceedings{fernandez+:padx,
  author = 	 {Mary F. Fern\'andez and Kathleen Fisher and Robert Gruber and Yitzhak Mandelbaum.},
  title = 	 {{PADX}: Querying Large-scale Ad Hoc Data with XQuery},
  booktitle = 	 {Programming Language Technologies for {XML}},
  year = 	 2006,
  month = 	 jan,
}


@misc{boag03XQueryDraft,
    title  = {{XQuery 1.0 An XML Query Language, W3C Working Draft}},
    author = "Scott Boag and Don Chamberlin and Mary F. Fern\'andez and
Daniela Florescu and Jonathan Robie and J\'er\^ome Sim\'eon",
    year   = "2004",
    month = "Aug",
    note = "\url{http://www.w3.org/TR/xquery}" }


@Misc{padsmanual,
  title="{PADS} User Manual",
  howpublished="\url{http://www.research.att.com/projects/pads/index.html}",
  note="To appear."
}

@Misc{erlang-bit-syntax,
  title="Proposals for and Experiments with an {E}rlang Bit Syntax",
  howpublished="http://lambda.weblogs.com/discuss/msgReader\$5185",
}

@Misc{http,
  title="Hypertext Transfer Protocol -- {HTTP}/1.1",
  howpublished="\url{http://www.w3.org/Protocols/rfc2616/rfc2616.html}",
}

@Misc{unicode,
  title="Unicode Home Page",
  howpublished="\url{http://www.unicode.org/}",
}

@Unpublished{ckit,
  author=         "Satish Chandra and
                   Nevin Heintze and David Mac{Q}ueen and
                   Dino Oliva and Michael Siff",
  title=          "{C}-frontend library for {SML/NJ}",
  note=           "See
\url{cm.bell-labs.com/cm/cs/what/smlnj.}",
  year=           1999
}

@InProceedings{sfio,
  author =        "David G.~  Korn and Kiem-Phong Vo",
  title =         "{SFIO}: {S}afe/Fast String/File {IO}",
  booktitle =     "Proc. of the Summer '91 Usenix Conference",
  publisher=      "USENIX",
  pages =         "235-256",
  year =          1991
}

@InProceedings{histograms,
  author =        "Sudipto Guha and Piotr Indyk and S. Muthukrishnan and Martin Strauss",
  title =         "Histogramming Data Streams with Fast Per-Item Processing",
  booktitle =     "ICALP",
  pages =         "681-692",
  year =          "2002"
}

@InProceedings{histograms-wavelets,
	author = "Anna C. Gilbert and Sudipto Guha and Piotr Indyk and Yannis Kotidis and S. Muthukrishnan and Martin Strauss",
	title="Fast, small-space algorithms for approximate histogram maintenance",
	booktitle="STOC",
	year="2002",
	pages="389-398"
	}

@InProceedings{quantiles,
	author = "Anna C. Gilbert and Yannis Kotidis and S. Muthukrishnan and Martin Strauss",
	title="How to Summarize the Universe: Dynamic Maintenance of Quantiles",
	booktitle="VLDB",
	year="2002",
	pages="454465"
	}

@InProceedings{erlang-bits,
  author = 	 {Claes Wikstr\"{o}m and Tony Rogvall},
  title = 	 {Protocol programming in {Erlang} using binaries.},
  booktitle = 	 euc5,
  year = 	 {1999},
  month = 	 oct,
}

@Misc{eger:blt,
  author = 	 {David Eger},
  title = 	 {Bit Level Types},
  howpublished="\url{http://www-2.cs.cmu.edu/~eger/}"
}

@Book{harper:plbook,
  author = 	 {Robert Harper},
  title = 	 {Programming Languages: Theory and Practice.},
  publisher = 	 {Unpublished},
  year = 	 {2005},
  note = 	 {Available at \url{http://www-2.cs.cmu.edu/~rwh/}},
}

@Article{antlr,
  author = 	 {T. J. Parr and R. W. Quong},
  title = 	 {{ANTLR}: A Predicated- {\it LL(k)} Parser Generator.},
  journal = 	 {Software -- practice and experience},
  volume = 	 {25},
  number = 	 {7},
  pages = 	 {789-810},
  year = 	 {1995},
  month = 	 jul,
}


@InProceedings{ford:packrat,
  author =        {Bryan Ford},
  title =         {Packrat parsing:: simple, powerful, lazy, linear time.},
  booktitle =     icfp,
  year =          2002,
  pages =         {36-47},
  month = oct,
  publisher = acmpress,
}


@InProceedings{ford:pegs,
  author =        {Bryan Ford},
  title =         {Parsing expression grammars: a recognition-based syntactic foundation.},
  booktitle =     popl,
  pages =         {111-122},
  year =          2004,
  month = jan,
  publisher = acmpress,
}

@TechReport{grimm:packrat,
  author = 	 {Robert Grimm},
  title = 	 {Practical Packrat Parsing},
  institution =  {New York University},
  year = 	 2004,
  number = 	 {TR2004--854},
  month = 	 mar,
}

@Article{birman+:parsing,
  author = 	 {Alexander Birman and Jeffrey D. Ullman},
  title = 	 {Parsing algorithms with backtrack},
  journal = 	 {Information and Control},
  year = 	 {1973},
  volume = 	 {23},
  number = 	 {1},
  month = 	 aug,
}



@InProceedings{sfio,
  author =        "David G.~  Korn and Kiem-Phong Vo",
  title =         "{SFIO}: {S}afe/Fast String/File {IO}",
  booktitle =     "Proc. of the Summer '91 Usenix Conference",
  publisher=      "USENIX",
  pages =         {235-256},
  year =          1991
}

@InProceedings{gustafsson+:binaries,
  author = 	 {Per Gustafsson and Konstantinos Sagonas},
  title = 	 {Adaptive Pattern Matching on Binary Data.},
  booktitle = 	 esop,
  year = 	 2004,
  pages =        {124-139},
  publisher =    springer,
  month = 	 mar,
}

@Article{landin:700,
  author = 	 {Peter J. Landin},
  title = 	 {The next 700 programming languages},
  journal = 	 {Communications of the {ACM}},
  year = 	 {1966},
  volume = 	 {9},
  number = 	 {3},
  pages = 	 {157 - 166},
  month = 	 mar,
}


@inproceedings{arasu+:sigmod03long,
author = {Arvind Arasu and Hector Garcia-Molina},
title = {Extracting structured data from Web pages},
booktitle = {SIGMOD '03: Proceedings of the 2003 ACM SIGMOD international
conference on Management of data},
year = {2003},
isbn = {1-58113-634-X},
pages = {337--348},
location = {San Diego, California},
doi = {http://doi.acm.org/10.1145/872757.872799},
publisher = {ACM Press},
address = {New York, NY, USA},
}


@inproceedings{arasu+:sigmod03,
author = {Arvind Arasu and Hector Garcia-Molina},
title = {Extracting structured data from Web pages},
booktitle = {ACM SIGMOD International conference on management of data},
year = {2003},
pages = {337--348},
}


@article{higuera01current,
   author = "Colin De La Higuera",
   title = "Current Trends in Grammatical Inference",
   journal = "Lecture Notes in Computer Science",
   volume = "1876",
   pages = "28--31",
   year = "2001"
}

@Misc{padsweb,
  key = {PADS Project},
  title =  {{PADS} Project Web Site},
  year = {2008},
  howpublished = {{\url{http://www.padsproj.org}}},
}

@Misc{padsdemo,
  key = {PADS Learning Demo},
  title =  {{PADS} Learning Demo},
  year = {2008},
  howpublished = {{\url{http://www.padsproj.org/learning-demo.cgi}}},
}

@Misc{padscdistributions,
  key = {PADS/C Software Distributions},
  title =  {{PADS/C} Software Distributions},
  year = {2006},
  howpublished = {{\url{http://www.padsproj.org/distrib.html#source}}},
}

@Misc{padsmldistributions,
  key = {PADS/ML Software Distributions},
  title =  {{PADS/ML} Software Distributions},
  year = {2007},
  howpublished = {{\url{http://www.padsproj.org/ml-distrib.html#source}}},
}


@Misc{padslearndistributions,
  key = {LearnPADS Software Distributions},
  title =  {{LearnPADS} Software Distributions},
  year = {2008},
  howpublished = {{\url{http://www.padsproj.org/distrib-infer.html#source}}},
}

http://www.padsproj.org/distrib-infer.html#source



@article{TANE-HKPT99,
  author    = {Yk{\"a} Huhtala and
               Juha K{\"a}rkk{\"a}inen and
               Pasi Porkka and
               Hannu Toivonen},
  title     = {{TANE}: An Efficient Algorithm for Discovering Functional
               and Approximate Dependencies.},
  journal   = {Comput. J.},
  volume    = {42},
  number    = {2},
  year      = {1999},
  pages     = {100-111},
}

@Misc{rrdtool,
  key = 	 {RRDTool},
  author = 	 {Tobias Oetiker},
  title = 	 {Round Robin Database Tool},
  note  =        {\\ http://oss.oetiker.ch/rrdtool/index.en.html},
}

@Misc{rrdtool-long,
  key = 	 {RRDTool},
  author = 	 {Tobias Oetiker},
  title = 	 {Round Robin Database Tool},
  howpublished = {\url{http://oss.oetiker.ch/rrdtool/index.en.html}},
  year = {2007},
}



@Article{gold:inference,
  author = 	 {E. M. Gold},
  title = 	 {Language identification in the limit},
  journal = 	 {Information and Control},
  year = 	 {1967},
  volume = 	 {10},
  number = 	 {5},
  pages = 	 {447--474},
}

@article{wharton:approximate-language-identification,
  author    = {R. M. Wharton},
  title     = {Approximate Language Identification},
  journal   = {Information and Control},
  volume    = {26},
  number    = {3},
  year      = {1974},
  pages     = {236-255},
  bibsource = {DBLP, http://dblp.uni-trier.de}
}

@inproceedings{stolcke94inducing,
    author = "Andreas Stolcke and Stephen Omohundro",
    title = "Inducing Probabilistic Grammars by Bayesian Model Merging",
    booktitle = "International Conference on Grammatical Inference",
    year = 1994,
}

@article{hong01using,
    author = "Theodore W. Hong and Keith L. Clark",
    title = "Using Grammatical Inference to Automate Information Extraction from the {Web}",
    journal = "Lecture Notes in Computer Science",
    volume = "2168",
    pages = "216+",
    year = "2001",
    url = "citeseer.ist.psu.edu/article/hong01using.html",
}

@InProceedings{raman+:potterwheel,
  author = 	 {Vijayshankar Raman and Joseph M. Hellerstein},
  title = 	 {Potter's Wheel: An Interactive Data Cleaning System},
  booktitle = {International Conference on Very Large Data Bases },
  pages = 	 {381 - 390},
  year = 	 {2001},
}

@inproceedings{chawathe+:tsimmis,
    author = "Sudarshan Chawathe and Hector Garcia-Molina and Joachim Hammer and Kelly Ireland and Yannis Papakonstantinou and Jeffrey D. Ullman and Jennifer Widom",
    title = "The {TSIMMIS} Project: Integration of heterogeneous information sources",
    booktitle = "16th Meeting of the Information Processing Society of Japan",
    address = "Tokyo, Japan",
    pages = "7--18",
    year = "1994",
}

@inproceedings{shoens+:rufus,
 author = {Kurt A. Shoens and Allen Luniewski and Peter M. Schwarz and James W. Stamos and Joachim Thomas, II},
 title = {The {Rufus} System: Information Organization for Semi-Structured Data},
 booktitle = {International Conference on Very Large Data Bases},
 year = {1993},
 isbn = {1-55860-152-X},
 pages = {97--107},
 publisher = {Morgan Kaufmann Publishers Inc.},
 address = {San Francisco, CA, USA},
 }

@Book{hong:thesis,
  author="Theodore W. Hong",
  title="Grammatical Inference for Information Extraction and Visualisation on the Web",
  publisher="Ph.D. Thesis, Imperial College London",
  year="2002"}

@article{Lin91:divergence,
  author= "J. Lin",
  title = "Divergence Measures Based on the {Shannon} Entropy",
  journal = "IEEE Transactions on Information Theory",
  volume = "37",
  number = "1",
  publisher = "IEEE",
  pages = "145--151",
  year = "1991",
}

@Article{rpni,
  author = 	 {J. Oncina and P. Garcia},
  title = 	 {Inferring Regular Languages in Polynomial Updated Time},
  journal = 	 {Machine Perception and Artificial Intelligence},
  year = 	 1992,
  volume = 	 {1},
  pages = 	 {29--61},
}

@inproceedings{burke+:cagi07,
  author =       {David Burke and Kathleen Fisher and David Walker and Peter White and Kenny Q. Zhu},
  title = {Towards 1-click Tool Generation with {PADS}},
  booktitle = 	 {ICML Workshop on Challenges and Applications of Grammar Induction},
  year = 	 {2007},
  address = 	 {Corvallis, OR},
  month = 	 jun,
}

@incollection{hutchens98finding,
    author = "Jason L. Hutchens and Michael D. Alder",
    title = "Finding Structure Via Compression",
    booktitle = "Proceedings of the Joint Conference on New Methods in Language Processing and Computational Natural Language Learning",
    publisher = "Association for Computational Linguistics",
    editor = "David M. W. Powers",
    pages = "79--82",
    year = "1998",
}

@Book{mdlbook,
  author = 	 {Peter D. Gr\"{u}nwald},
  title = 	 {The Minimum Description Length Principle},
  publisher = 	 {{MIT Press}},
  year = 	 {2007},
  month = 	 may,
}

@inproceedings{vidal:gisurvey,
  author    = {Enrique Vidal},
  title     = {Grammatical Inference: An Introduction Survey},
  booktitle = {ICGI},
  year      = {1994},
  pages     = {1-4},
  crossref  = {DBLP:conf/icgi/1994},
  bibsource = {DBLP, http://dblp.uni-trier.de}
}

@article{angluin:revesible-language-inference,
 author = {Dana Angluin},
 title = {Inference of Reversible Languages},
 journal = {J. ACM},
 volume = {29},
 number = {3},
 year = {1982},
 issn = {0004-5411},
 pages = {741--765},
 doi = {http://doi.acm.org/10.1145/322326.322334},
 publisher = {ACM Press},
 address = {New York, NY, USA},
 }

@article{garcia+:k-testable-languages,
 author = {P. Garc\'{\i}a and E. Vidal},
 title = {Inference of k-Testable Languages in the Strict Sense and Application to Syntactic Pattern Recognition},
 journal = {IEEE Trans. Pattern Anal. Mach. Intell.},
 volume = {12},
 number = {9},
 year = {1990},
 issn = {0162-8828},
 pages = {920--925},
 doi = {http://dx.doi.org/10.1109/34.57687},
 publisher = {IEEE Computer Society},
 address = {Washington, DC, USA},
 }

@inproceedings{bex+:dtd-inference,
 author = {Geert Jan Bex and Frank Neven and Thomas Schwentick and Karl Tuyls},
 title = {Inference of concise {DTD}s from {XML} data},
 booktitle = {VLDB '06: Proceedings of the 32nd international conference on Very large data bases},
 year = {2006},
 pages = {115--126},
 location = {Seoul, Korea},
 publisher = {VLDB Endowment},
 }

@inproceedings{bex+:inferring-xml-schema,
  author    = {Geert Jan Bex and
               Frank Neven and
               Stijn Vansummeren},
  title     = {Inferring {XML} Schema Definitions from {XML} Data},
  booktitle = {VLDB},
  year      = {2007},
  pages     = {998-1009},
  ee        = {http://www.vldb.org/conf/2007/papers/research/p998-bex.pdf},
  crossref  = {DBLP:conf/vldb/2007},
  bibsource = {DBLP, http://dblp.uni-trier.de}
}

@article{soderland:whisk,
  author    = {Stephen Soderland},
  title     = {Learning Information Extraction Rules for Semi-Structured
               and Free Text},
  journal   = {Machine Learning},
  volume    = {34},
  number    = {1-3},
  year      = {1999},
  pages     = {233-272},
  bibsource = {DBLP, http://dblp.uni-trier.de}
}

@article{martens+:expressiveness-xml-schema,
 author = {Wim Martens and Frank Neven and Thomas Schwentick and Geert Jan Bex},
 title = {Expressiveness and complexity of {XML} Schema},
 journal = {ACM Trans. Database Syst.},
 volume = {31},
 number = {3},
 year = {2006},
 issn = {0362-5915},
 pages = {770--813},
 doi = {http://doi.acm.org/10.1145/1166074.1166076},
 publisher = {ACM Press},
 address = {New York, NY, USA},
 }

@inproceedings{garofalakis+:xtract,
  author    = {Minos N. Garofalakis and
               Aristides Gionis and
               Rajeev Rastogi and
               S. Seshadri and
               Kyuseok Shim},
  title     = {{XTRACT}: {A} System for Extracting Document Type Descriptors
               from {XML} Documents},
  booktitle = {SIGMOD Conference},
  year      = {2000},
  pages     = {165-176},
  ee        = {http://doi.acm.org/10.1145/342009.335409, db/conf/sigmod/GarofalakisGRSS00.html},
  crossref  = {DBLP:conf/sigmod/2000},
  bibsource = {DBLP, http://dblp.uni-trier.de}
}

@article{denis:learning-regular-languages,
  author    = {Fran\c{c}ois Denis and
               Aur{\'e}lien Lemay and
               Alain Terlutte},
  title     = {Learning regular languages using RFSAs},
  journal   = {Theor. Comput. Sci.},
  volume    = {313},
  number    = {2},
  year      = {2004},
  pages     = {267-294},
  ee        = {http://dx.doi.org/10.1016/j.tcs.2003.11.008},
  bibsource = {DBLP, http://dblp.uni-trier.de}
}

@inproceedings{fernau:learning-xml,
  author    = {Henning Fernau},
  title     = {Learning {XML} Grammars},
  booktitle = {MLDM},
  year      = {2001},
  pages     = {73-87},
  ee        = {http://link.springer.de/link/service/series/0558/bibs/2123/21230073.htm},
  crossref  = {DBLP:conf/mldm/2001},
  bibsource = {DBLP, http://dblp.uni-trier.de}
}

@inproceedings{raeymaekers+:learning-tree-languages,
  author    = {Stefan Raeymaekers and
               Maurice Bruynooghe and
               Jan Van den Bussche},
  title     = {Learning (k, l)-Contextual Tree Languages for Information
               Extraction},
  booktitle = {European Conference on Machine Learning},
  year      = {2005},
  pages     = {305-316},
  ee        = {http://dx.doi.org/10.1007/11564096_31},
  crossref  = {DBLP:conf/ecml/2005},
  bibsource = {DBLP, http://dblp.uni-trier.de}
}

@InProceedings{raeymaekers+:wrapper-induction,
  author = 	 {Stefan Raeymaekers and Maurice Bruynooghe},
  title = 	 {Wrapper Induction: Learning (k,l)-Contextual Tree Languages Directly as Unranked Tree Automata},
  booktitle = {Proceedings of the International Workshop on Mining and Learning with Graphs},
  pages = 	 {197-204},
  year = 	 2006,
  address = 	 {Berlin, Germany},
  month = 	 sep,
}


@Article{biopixie,
  author = 	 {Myers CL and Robson D and Wible A and Hibbs M and Chiriac C and Theesfeld CL and Dolinski K and Troyanskaya OG},
  title = 	 {Discovery of biological networks from diverse functional genomic data},
  journal = 	 {Genome Biology},
  year = 	 {2005},
  volume = 	 {6},
  number = 	 {13},
}


@Article{golem,
  author = 	 {Sealfon RSG and Hibbs M and Huttenhower C and Myers CL and Troyanskaya OG},
  title = 	 {{GOLEM}: {A}n interactive graph-based gene ontology navigation and analysis tool},
  journal = 	 {BMC Bioinformatics},
  year = 	 {2006},
  volume = 	 {7},
  pages = 	 {443},
}

@Article{grifn,
  author = 	 {Myers CL and Barrett D and Hibbs MA and Huttenhower C and Troyanskaya OG},
  title = 	 {Finding function: evaluation methods for functional genomic data},
  journal = 	 {BMC Genomics},
  year = 	 {2006},
  volume = 	 {7},
  pages =        {187}
}



@InProceedings{ennals+:mashmaker,
  author =       {Rob Ennals and David Gay},
  title =        {User-Friendly Functional Programming for Web
                  Mashups},
  booktitle =    icfp,
  pages =        {223-233},
  year =         2007,
}

@Misc{yahoopipes,
  key =          {YahooPipes},
  title =        {Yahoo Pipes},
  note =         {http://pipes.yahoo.com},
}

@Misc{yahoopipes-long,
  key = 	 {YahooPipes},
  title = 	 {Yahoo Pipes},
  howpublished = {\url{http://pipes.yahoo.com}},
  year = {2007},
}


@Misc{swivel,
  key = 	 {Swivel},
  title = 	 {Swivel},
  howpublished = {\url{swivel.com}},
  year = {2007},
}


@misc{comon,
  author = "Vivek Pai and {KyoungSoo} Park",
  title = "{CoMon}:  {M}onitoring Infrastructure for {PlanetLab}",
  note = {\\ http://comon.cs.princeton.edu/}
}


@misc{coblitz,
  author = "Vivek Pai and {KyoungSoo} Park",
  title = "{CoBlitz:  A Scalable Large-File Transfer Service over HTTP}",
  note = {http://codeen.cs.princeton.edu/coblitz/},
}


@misc{ncbi,
  author = "{NCBI}",
  title = "National Center for Biotechnology Information",
  note = {\\ http://www.ncbi.nlm.nih.gov/}
}


@article{biogrid,
author = {Stark, Chris and Breitkreutz, Bobby-Joe and Reguly, Teresa and Boucher, Lorrie and Breitkreutz, Ashton and Tyers, Mike},
title = {{BioGRID}: {A} general repository for interaction datasets},
journal = {Nucl. Acids Res.},
volume = {34},
pages = {D535-539},
year = {2006},
}

@Misc{anycast,
  author = 	 {C. Partridge and T. Mendez and W. Milliken},
  title = 	 {Host Anycast Service},
  note  =        {\\ http://www.ietf.org/rfc/rfc1546.txt},
}

@Misc{anycast-long,
  author = 	 {C. Partridge and T. Mendez and W. Milliken},
  title = 	 {Host Anycast Service},
  howpublished = {\url{http://www.ietf.org/rfc/rfc1546.txt}},
  month = 	 nov,
  year = 	 {1993},
}

@Misc{sdss,
  title = 	 {Sloan Digital Sky Survey, Sixth Data Release},
  howpublished = {\url{http://cas.sdss.org/dr6/en/}},
  year = 	 2008,

}

@Misc{ocamlnet2,
  author = 	 {Gerd Stolpmann and Patrick Doane},
  title = 	 {Ocamlnet 2},
  note =         {\\ http://projects.camlcity.org/projects/ocamlnet.html},
}

@Misc{ocamlnet2-long,
  author = 	 {Gerd Stolpmann and Patrick Doane},
  title = 	 {Ocamlnet 2},
  howpublished = {\url{http://projects.camlcity.org/projects/ocamlnet.html}},
  year = 	 {2008},
}

@Misc{xmllight-long,
  author = 	 {Motion-Twin},
  title = 	 {{XML}-{L}ight},
  howpublished = {\url{http://tech.motion-twin.com/xmllight.html}},
  year = 	 {2001},
}

@Misc{xmllight,
  author = 	 {Motion-Twin},
  title = 	 {{XML}-{L}ight},
  note =         {\\ http://tech.motion-twin.com/xmllight.html},
}

@Misc{xpath,
  author = 	 {James Clark and Steve DeRose},
  title = 	 {{XML} Path Language ({XPath}), Version 1.0},
  note  =        {\\ http://www.w3.org/TR/xpath},
}

@Misc{xpath-long,
  author = 	 {James Clark and Steve DeRose},
  title = 	 {{XML} Path Language ({XPath}), Version 1.0},
  note  =        {\\ http://www.w3.org/TR/xpath},
  year = 	 1999,
}


@InProceedings{padsml-padl-long,
  author = 	 {M. Fernandez and K. Fisher and J.N. Foster and M. Greenberg and Y. Mandelbaum},
  title = 	 {A Generic Programming Toolkit for {PADS/ML}: {F}irst-Class Upgrades for Third-Party Developers },
  booktitle = 	 {Practical Aspects of Declarative Languages},
  pages = 	 {133-149},
  year = 	 2008,
  editor = 	 {Paul Hudak and David Scott Warren},
  number = 	 4902,
  series = 	 {Lecture Notes in Computer Science},
  month = 	 jan,
}

@InProceedings{padsml-padl,
  author = 	 {M. Fernandez and K. Fisher and J.N. Foster and M. Greenberg and Y. Mandelbaum},
  title = 	 {A Generic Programming Toolkit for {PADS/ML}: {F}irst-Class Upgrades for Third-Party Developers },
  booktitle = 	 {PADL},
  pages = 	 {133-149},
  year = 	 2008,
}

@InProceedings{token-ambiguity,
  author = 	 {Qian Xi, Kathleen Fisher, David Walker and Kenny Q. Zhu},
  title = 	 {Ad Hoc Data and the Token Ambiguity Problem},
  booktitle = 	 {PADL},
  pages = 	 {133-149},
  year = 	 2009,
}

@InProceedings{hinz:icfp04,
  author = 	 {Ralf Hinze},
  title = 	 {Generics for the masses},
  booktitle = 	 {ICFP},
  pages = 	 {19-22},
  year = 	 1998,
}

@InProceedings{weirich:encodingtypecase,
  author = "Stephanie Weirich",
  title = "Encoding intensional type analysis",
  year = "2001",
  pages = {92-106},
  booktitle = {ESOP},
}

@InProceedings{yang:icfp98,
  author = 	 {Zhe Yang},
  title = 	 {Encoding types in {ML}-like languages},
  booktitle = 	 {ICFP},
  pages = 	 {},
  year = 	 1998,
}

@InProceedings{xi:popl03,
  author    = {Hongwei Xi and
               Chiyan Chen and
               Gang Chen},
  title     = {Guarded recursive datatype constructors},
  booktitle = popl,
  year      = {2003},
  pages     = {224-235}
}

@InProceedings{xi:popl03-long,
  author    = {Hongwei Xi and
               Chiyan Chen and
               Gang Chen},
  title     = {Guarded recursive datatype constructors},
  booktitle = popl,
  year      = {2003},
  pages     = {224-235}
}

@article{ mogensen:jfp,
    author = "Torben {AE}. Mogensen",
    title = "Efficient Self-Interpretations in lambda Calculus",
    journal = jfp,
    volume = "2",
    number = "3",
    pages = "345-363",
    year = "1992"
    }

@InProceedings{boomerang,
  author = 	 {Aaron Bohannon and J. Nathan Foster and Benjamin C. Pierce and Alexandre Pilkiewicz and Alan Schmitt},
  title = 	 {Boomerang: Resourceful Lenses for String Data},
  booktitle = 	 popl,
  year = 	 2008,
  month = 	 jan,
}

@InProceedings{fisher+:dirttoshovels,
  author = 	 {Kathleen Fisher and David Walker and Kenny Q. Zhu and Peter White},
  title = 	 {From Dirt to Shovels:  Fully Automatic Tool Generation From Ad Hoc Data},
  booktitle = 	 popl,
  pages = 	 "421-434",
  year = 	 2008,
  month = 	 jan,
}

@InProceedings{jim+:data-dependent-grammars,
  author = 	 {Trevor Jim, Yitzhak Mandelbaum and David Walker},
  title = 	 {Semantics and Algorithms for Data-dependent Grammars},
  booktitle = popl,
  year = 	 {2009},
  note = 	 {To appear},
}



@article{lustre,
    author = "N. Halbwachs and P. Caspi and P. Raymond and D. Pilaud",
    title = "The synchronous data-flow programming language {LUSTRE}",
    journal = "Proceedings of the IEEE",
    volume = "79",
    number = "9",
    pages = "1305-1320",
    year = "1991",
}

@article{Balakrishnan+03:dht,
 author = {Hari Balakrishnan and M. Frans Kaashoek and David Karger and
	Robert Morris and Ion Stoica},
 title = {Looking up data in P2P systems},
 journal = {Commun. ACM},
 volume = {46},
 number = {2},
 year = {2003},
 pages = {43--48}
 }
@inproceedings{elliot+:frp,
 author = {Conal Elliott and Paul Hudak},
 title = {Functional reactive animation},
 booktitle = {ICFP},
 year = {1997},
 pages = {263-273},
 }

@inproceedings{elliot+:frp-long,
 author = {Conal Elliott and Paul Hudak},
 title = {Functional reactive animation},
 booktitle = icfp,
 year = {1997},
 pages = {263-273},
 }

@Article{wand98,
  author = 	 {Mitchell Wand},
  title = 	 {The Theory of Fexprs is Trivial},
  journal = 	 {Lisp and Symbolic Computation},
  year = 	 1998,
  volume =	 10,
  pages =	 {189-199},
}

@article{Golab03,
  author    = {Lukasz Golab and
               M. Tamer {\"O}zsu},
  title     = {Issues in data stream management},
  journal   = {SIGMOD Record},
  volume    = {32},
  number    = {2},
  year      = {2003},
  pages     = {5-14}
}

@inproceedings{AmagbegnonBG95,
  author    = {Pascalin Amagb{\'e}gnon and
               Lo\"{\i}c Besnard and
               Paul Le Guernic},
  title     = {Implementation of the Data-Flow Synchronous Language {SIGNAL}},
  booktitle = {PLDI},
  year      = {1995},
  pages     = {163-173}
}

@inproceedings{ElliottH97,
  author    = {Conal Elliott and
               Paul Hudak},
  title     = {Functional Reactive Animation},
  booktitle = {ICFP},
  year      = {1997},
  pages     = {263-273}
}

@inproceedings{WanH00,
  author    = {Zhanyong Wan and Paul Hudak},
  title     = {Functional reactive programming from first principles},
  booktitle = {PLDI},
  year      = {2000},
  pages     = {242-252}
}

@inproceedings{CaspiPHP87,
  author    = {Paul Caspi and
               Daniel Pilaud and
               Nicolas Halbwachs and
               John Plaice},
  title     = {Lustre: A Declarative Language for Programming Synchronous
               Systems},
  booktitle = popl,
  year      = {1987},
  pages     = {178-188}
}

@inproceedings{pang+:binpac,
 author = {Pang, Ruoming and Paxson, Vern and Sommer, Robin and Peterson, Larry},
 title = {binpac: a yacc for writing application protocol parsers},
 booktitle = {IMC '06: Proceedings of the 6th ACM SIGCOMM conference on Internet measurement},
 year = {2006},
 isbn = {1-59593-561-4},
 pages = {289--300},
 location = {Rio de Janeriro, Brazil},
 publisher = {ACM},
 address = {New York, NY, USA},
 }


@phdthesis{kushmerick-phd1997,
  author = {N. Kushmerick},
  year = {1997},
  title = {Wrapper induction for information extraction},
  school = {University of Washington},
  note = {Department of Computer Science and Engineering},
  psgz = {http://kushmerick.org/nick/research/download/kushmerick-phd.ps.gz},
  topic = {information extraction; machine learning; data integration},
}

@inproceedings{KushmerickWD97:Wrapper,
  author    = {Nicholas Kushmerick and
               Daniel S. Weld and
               Robert B. Doorenbos},
  title     = {Wrapper Induction for Information Extraction},
  booktitle = ijcai,
  year      = {1997},
  pages     = {729-737},
  bibsource = {DBLP, http://dblp.uni-trier.de}
}

@inproceedings{doorenbos+:shopbot,
 author = {Robert B. Doorenbos and Oren Etzioni and Daniel S. Weld},
 title = {A scalable comparison-shopping agent for the World-Wide Web},
 booktitle = {AGENTS '97: Proceedings of the first international conference on Autonomous agents},
 year = {1997},
 pages = {39--48},
 location = {Marina del Rey, California, United States},
 address = {New York, NY, USA},
 }

@inproceedings{Ambite+:ariadne,
 author = {Jos\'{e} Luis Ambite and Naveen Ashish and Greg Barish and Craig A. Knoblock and Steven Minton and Pragnesh J. Modi and Ion Muslea and Andrew Philpot and Sheila Tejada},
 title = {Ariadne: a system for constructing mediators for Internet sources},
 booktitle = sigmod,
 year = {1998},
 pages = {561--563},
 location = {Seattle, Washington, United States},
 address = {New York, NY, USA},
 }




@inproceedings{lemay+:tree-transducers,
  author    = {Aur{\'e}lien Lemay and
               Joachim Niehren and
               R{\'e}mi Gilleron},
  title     = {Learning n-Ary Node Selecting Tree Transducers from Completely
               Annotated Examples},
  booktitle = icgi,
  year      = {2006},
  pages     = {253-267},
}

@InProceedings{muslea+:active-learning,
   booktitle=ijcai,
   year="2003",
   title= "Active learning with strong and weak views: a case study on wrapper
induction",
   pages="415--420",
   author="Ion Muslea and Steve Minton and Craig Knoblock"
}

@inproceedings{doan+:disparate-data-sources,
 author = {AnHai Doan and Pedro Domingos and Alon Y. Halevy},
 title = {Reconciling schemas of disparate data sources: a machine-learning approach},
 booktitle = sigmod,
 year = {2001},
 pages = {509--520},
 location = {Santa Barbara, California, United States},
 address = {New York, NY, USA},
 }

@inproceedings{borkar+:text-segmentation,
 author = {Vinayak Borkar and Kaustubh Deshmukh and Sunita Sarawagi},
 title = {Automatic segmentation of text into structured records},
 booktitle = sigmod,
 year = {2001},
 pages = {175--186},
 location = {Santa Barbara, California, United States},
 address = {New York, NY, USA},
 }

@inproceedings{Lerman+:webtables,
 author = {Kristina Lerman and Lise Getoor and Steven Minton and Craig Knoblock},
 title = {Using the structure of Web sites for automatic segmentation of tables},
 booktitle = sigmod,
 year = {2004},
 pages = {119--130},
 location = {Paris, France},
 address = {New York, NY, USA},
 }

@inproceedings{Pinto+:texttables,
 author = {David Pinto and Andrew McCallum and Xing Wei and W. Bruce Croft},
 title = {Table extraction using conditional random fields},
 booktitle = {SIGIR},
 year = {2003},
 pages = {235--242},
 location = {Toronto, Canada},
 address = {New York, NY, USA},
 }

@inproceedings{Ng+:texttables,
 author = {Hwee Tou Ng and Chung Yong Lim and Jessica Li Teng Koo},
 title = {Learning to recognize tables in free text},
 booktitle = acl,
 year = {1999},
 pages = {443--450},
 location = {College Park, Maryland},
 address = {Morristown, NJ, USA},
 }

@inproceedings{Cresenzi+:roadrunner,
 author = {Valter Crescenzi and Giansalvatore Mecca and Paolo Merialdo},
 title = {RoadRunner: Towards Automatic Data Extraction from Large Web Sites},
 booktitle = vldb,
 year = {2001},
 pages = {109--118},
 address = {San Francisco, CA, USA},
}

@ARTICLE{demeter,
AUTHOR = "Karl J. Lieberherr and Arthur J. Riel",
JOURNAL = joop,
YEAR = "1988",
TITLE = "Demeter: A {CASE} Study of Software Growth Through
Parameterized Classes",
VOLUME = 1,
NUMBER = 3,
MONTH = "August, September",
PAGES = "8-22",
}

@InProceedings{jim+:earley,
  author =       {Trevor Jim and Yitzhak Mandelbaum},
  title =        {Efficient Earley Parsing with Regular Right-Hand
                  Sides},
  booktitle =    {Workshop on Language Descriptions Tools and
                  Applications},
  year =         2009,
}

@InProceedings{mcpeak:elkhound,
  author =       {Scott McPeak and George C. Necula},
  title =        {{Elkhound}: A Fast, Practical {GLR} Parser
                  Generator},
  booktitle =    {Proceedings of Conference on Compiler Constructor},
  year =         2004,
  month =        apr,
}

@TechReport{mcpeak:elkhound-tr,
  author =       {Scott McPeak},
  title =        {{Elkhound}: A Fast, Practical {GLR} Parser
                  Generator},
  institution =  {University of California, Berkeley},
  year =         2002,
  number =       {{UCS/CSD}-2-1214},
}

@PhdThesis{visser:thesis,
  author =       {Eelco Visser},
  title =        {Syntax Definition for Language Prototyping},
  school =       {University of Amsterdam},
  year =         1997,
  month =        sep,
}

@Misc{ocaml,
  author =       {Xavier Leroy and Damien Doligez and Jacques Garrigue
                  and Didier R\'emy and J\'er\'ome Vouillon},
  title =        {The {O}bjective {C}aml system release 3.10:
                  Documentation and user's manual},
  year =         2007
}


@inproceedings{hughes+:polish-parsing,
  author =       {R. John M. Hughes and S. Doaitse Swierstra},
  title =        {Polish parsers, step by step},
  booktitle =    icfp,
  year =         2003,
  isbn =         {1-58113-756-7},
  pages =        {239--248},
  location =     {Uppsala, Sweden},
  doi =          {http://doi.acm.org/10.1145/944705.944727},
  publisher =    {ACM},
  address =      {New York, NY, USA},
}


@InProceedings{fisher+:700journal,
  author = 	 {Kathleen Fisher and Yitzhak Mandelbaum and David Walker},
  title = 	 {The Next 700 Data Description Languages},
  booktitle =  {{Journal of the ACM}},
  year = 	 {2010},
  note = {To appear},
  publisher = acmpress
}



 @InProceedings{mandelbaum+:generic-padsml,
  author = 	 {Mary Fernandez and Kathleen Fisher and Nathan Foster and Michael Greenberg and Yitzhak Mandelbaum},
  title = 	 {A Generic Programming Toolkit for {PADS/ML}: First-Class Upgrades for Third-Party Developers.},
  booktitle = {Practical Applications of Declarative Languages,},
  year = 	 {2008},
  month = 	 {jan},
}

@InProceedings{mandelbaum+:dual-semantics,
  author = 	 {Kathleen Fisher and Yitzhak Mandelbaum and David Walker},
  title = 	 {A Dual Semantics for the Data Description Calculus},
  booktitle =    {Trends in Functional Programming},
  year = 	 {2007},
  month = 	 {April},
}

@InProceedings{pads-sigmod06,
  author = 	 {Mark Daly and Mary Fernandez and Kathleen Fisher and Yitzhak Mandelbaum and David Walker},
  title = 	 {{PADS}: An end-to-end system for processing ad hoc data},
  booktitle = {{SIGMOD}, demo session},
  year = 	 {2006},
}

@InProceedings{pads-sigmod08,
  author = 	 {Kathleen Fisher and David Walker and Kenny Q. Zhu},
  title = 	 {{LearnPADS}:  Fully Automatic Tool Generation From Ad Hoc Data},
  booktitle = {{SIGMOD}, demo session},
  year = 	 {2008},
}



@InProceedings{pads:distributed,
  author = 	 {Kenny Q. Zhu and Daniel S. Dantas and Kathleen Fisher and Limin Jia and Yitzhak Mandelbaum and Vivek Pai and David Walker},
  title = 	 {Language Support for Processing Distributed Ad Hoc Data},
  booktitle = {{ACM SIGPLAN} International Conference on Principles and Practice of Declarative Programming},
  year = 	 {2009},
}

@InProceedings{pads:wasl,
  author = 	 {Kathleen Fisher and David Walker and Kenny Q. Zhu},
  title = 	 {Incremental Learning of System Log Formats},
  booktitle = {Workshop on the Analysis of System Logs},
  year = 	 {2009},
}

@Book{relevance-logic,
  author = 	 {A. R. Anderson and N.D. Belnap and J.M. Dunn},
  title = 	 {Entailment: The Logic of Relevance and Necessity},
  publisher = 	 {Princeton University Press},
  year = 	 {1975},
  address = 	 {Princeton, NJ},
}

@InProceedings{freedman:coral,
  author = 	 {Michael J. Freedman and Eric Freudenthal and David Mazieres},
  title = 	 {Democratizing Content Publication with Coral},
  booktitle = {{USENIX/ACM} Symposium on Networked Systems Design and Implementation},
  year = 	 {2004},
}

@Article{calcagno:tree-logic,
  author = 	 {Cristiano Calcagno and Luca Cardelli and Andrew D. Gordon},
  title = 	 {Deciding validity in a spatial logic for trees},
  journal = 	 {Journal of Functional Programming},
  year = 	 {2005},
  volume = 	 {15},
  number = 	 {4},
  pages = 	 {543-572},
}


@InProceedings{scannerlessglr,
  author =       {M.G.D. van den Brand and J. Scheerder and J.J. Vinju
                  and E. Visser},
  title =        {Disambiguation Filters For Scannerless Generalized
                  {LR} Parsers},
  booktitle =    {Compiler Construction 2002},
  pages =        {143--158},
  year =         2002,
  volume =       2304,
  series =       {Lecture Notes in Computer Science},
  month =        apr
}

@Article{PEP,
  author =       {John Aycock and R. Nigel Horspool},
  title =        {Practical {Earley} Parsing},
  journal =      {Computer Journal},
  year =         2002,
  volume =       45,
  number =       6,
  pages =        {620-630}
}

@Book{KR,
  author =       {Brian W. Kernighan and Dennis M. Ritchie},
  title =        {The {C} {P}rogramming {L}anguage, {S}econd {E}dition},
  publisher =    {Prentice Hall, Inc.},
  year =         1988
}

@PhdThesis{Kannapinn,
  author =       {S\"onke Kannapinn},
  title =        {Reconstructing LR Theory to Eliminate Redundance,
                  with an Application to the Construction of ELR
                  Parsers},
  school =       {Technical University of Berlin},
  year =         2001
}

@Misc{yaccplusplus,
  author =       {{Compiler Resources, Inc.}},
  title =        {Yacc++ and the Language Objects Library},
  howpublished = {\url{http://world.std.com/~compres/}}
}

@Misc{html-5-0,
  author =       {Ian Hickson and David Hyatt},
  title =        {{HTML} 5: A vocabulary and associated {API}s for
                  {HTML} and {XHTML}},
  howpublished =
                  {\url{http://dev.w3.org/html5/spec/Overview.html#parsing}}
}

@TechReport{ChouFu,
  author =       {S. M. Chou and K. S. Fu},
  title =        {Transition networks for pattern recognition},
  institution =  {School for Electrical Engineering, Purdue
                  University},
  year =         1975,
  number =       {TR--EE--75--39},
  address =      {West Lafayette, IN}
}

@TechReport{yacc,
  author =       {S. C. Johnson},
  title =        {Yacc: Yet another compiler compiler},
  institution =  {AT\&T Bell Laboratories},
  year =         1975,
  number =       32,
  address =      {Murray Hill, NJ}
}

@article{thompson,
  author =       {Ken Thompson},
  title =        {Programming Techniques: Regular expression search
                  algorithm},
  journal =      {Communications of the ACM},
  volume =       11,
  number =       6,
  year =         1968,
  issn =         {0001-0782},
  pages =        {419--422},
  doi =          {http://doi.acm.org/10.1145/363347.363387},
  publisher =    {ACM},
  address =      {New York, NY, USA},
}

@Article{Woods1980,
  author =       {W. A. Woods},
  title =        {Cascaded {ATN} grammars},
  journal =      {American Journal of Computational Linguistics},
  year =         1980,
  volume =       6,
  number =       1,
  pages =        {1--12}
}

@article{Woods1970,
  author =       {W. A. Woods},
  title =        {Transition network grammars for natural language
                  analysis},
  journal =      {Communications of the ACM},
  volume =       13,
  number =       10,
  year =         1970,
  issn =         {0001-0782},
  pages =        {591--606},
  doi =          {http://doi.acm.org/10.1145/355598.362773},
  publisher =    {ACM},
  address =      {New York, NY, USA},
}


@article{Earley,
  author =       {Jay Earley},
  title =        {An efficient context-free parsing algorithm},
  journal =      {Communications of the ACM},
  volume =       13,
  number =       2,
  year =         1970,
  issn =         {0001-0782},
  pages =        {94--102},
  doi =          {http://doi.acm.org/10.1145/362007.362035},
}

@inproceedings{elkhound,
  author =       {Scott McPeak and George C. Necula},
  title =        {Elkhound: A fast, practical {GLR} parser generator},
  booktitle =    {CC 2004: Compiler Construction, 13th International
                  Conference},
  year =         2004,
}

@inproceedings{sppf-earley,
  author =       {Elizabeth Scott},
  title =        {{SPPF}{-}Style Parsing From {Earley} Recognisers},
  booktitle =    {Proceedings of the Seventh Workshop on Language
                  Descriptions, Tools, and Applications (LDTA)},
  month = "March",
  year =         2007,
}


@inproceedings{sppf-earley-long,
  author =       {Elizabeth Scott},
  title =        {{SPPF}{-}Style Parsing From {Earley} Recognisers},
  booktitle =    {Proceedings of the Seventh Workshop on Language
                  Descriptions, Tools, and Applications (LDTA 2007)},
  year =         2008,
  pages =        {53--67},
  publisher =    {Elsevier},
  volume =       203,
  issue =        2,
  series =       {Electronic Notes in Theoretical Computer Science}
}

@article{johnstone+:rec-eng,
  author =       {Johnstone, Adrian and Scott, Elizabeth},
  title =        {Automatic recursion engineering of reduction
                  incorporated parsers},
  journal =      {Sci. Comput. Program.},
  volume =       68,
  number =       2,
  year =         2007,
  issn =         {0167-6423},
  pages =        {95--110},
  doi =          {http://dx.doi.org/10.1016/j.scico.2006.04.011},
  publisher =    {Elsevier North-Holland, Inc.},
  address =      {Amsterdam, The Netherlands, The Netherlands},
}

@article{scott+:rnglr,
  author =       {Scott, Elizabeth and Johnstone, Adrian},
  title =        {Right nulled {GLR} parsers},
  journal =      {ACM Trans. Program. Lang. Syst.},
  volume =       28,
  number =       4,
  year =         2006,
  issn =         {0164-0925},
  pages =        {577--618},
  doi =          {http://doi.acm.org/10.1145/1146809.1146810},
  publisher =    {ACM},
  address =      {New York, NY, USA},
}


@inproceedings{vinju+:faster-sglr,
  author =       {Economopoulos, Giorgios and Klint, Paul and Vinju,
                  Jurgen},
  title =        {Faster Scannerless {GLR} Parsing},
  booktitle =    {Proceedings of the 18th International
                  Conference on Compiler Construction (CC)},
  year =         2009,
  location =     {York, UK},
  publisher =    {Springer-Verlag},
}


@inproceedings{bravenboer+:metaborg-short,
  author =       {Bravenboer, Martin and Visser, Eelco},
  title =        {Concrete syntax for objects: domain-specific
                  language embedding and assimilation without
                  restrictions},
  booktitle =    {OOPSLA},
  year =         2004,
}


@inproceedings{bravenboer+:metaborg,
  author =       {Bravenboer, Martin and Visser, Eelco},
  title =        {Concrete syntax for objects: domain-specific
                  language embedding and assimilation without
                  restrictions},
  booktitle =    {Proceedings of the ACM
                  SIGPLAN Conference on Object-oriented Programming,
                  Systems, Languages, and Applications (OOPSLA)},
  year =         2004,
}

@inproceedings{salomon+:scannerless,
  author =       {Salomon, D. J. and Cormack, G. V.},
  title =        {Scannerless {NSLR}(1) parsing of programming
                  languages},
  booktitle =    {PLDI},
  year =         1989,
  pages =        {170--178},
}
                  
@book{rescorla:ssl,
  title =        {{SSL} and {TLS:} Designing and Building Secure
                  Systems},
  isbn =         0201615983,
  shorttitle =   {{SSL} and {TLS}},
  publisher =    {{Addison-Wesley} Professional},
  author =       {Eric Rescorla},
  month =        oct,
  year =         2000
}