@string{cmu-cs = "Carnegie Mellon University, School of Computer Science"}
@string{cornell-cs = "Department of Computer Science, Cornell University"}
@string{dec-src = "Digital Equipment Corporation, Systems Research Center"}
@string{edin-cs = "Department of Computer Science, University of Edinburgh"}
@string{inria = "Institut National de Recherche en Informatique et Automatique (INRIA)"}
@string{yale-cs = "Yale University, Department of Computer Science"}

@string{cade = "International Conference on Automated Deduction"}
@string{esop = "European Symposium on Programming"}
@string{fool = "Foundations of Object-Oriented Languages Workshop"}
@string{fpca = "Conference on Functional Programming Languages and Computer Architecture"}
@string{icalp = "International Colloquium on Automata, Languages, and Programming"}
@string{icfp = "{ACM} International Conference on Functional Programming"}
@string{icfpca = "{ACM} International Conference on Functional Programming and Computer Architecture"}
@string{lfp = "{ACM} Conference on {Lisp} and Functional Programming"}
@string{lics = "{IEEE} Symposium on Logic in Computer Science"}
@string{mfps = "Mathematical Foundations of Programming Semantics"}
@string{pldi = "{ACM} Conference on Programming Language Design and Implementation"}
@string{popl = "{ACM} Symposium on Principles of Programming Languages"}
@string{tacs = "Theoretical Aspects of Computer Software"}
@string{tic = "Workshop on Types in Compilation"}
@string{tlca = "International Conference on Typed Lambda Calculi and Applications"}

@string{info-comp = "Information and Computation"}
@string{jacm = "Journal of the {ACM}"}
@string{jfp = "Journal of Functional Programming"}
@string{mscs = "Mathematical Structures in Computer Science"}
@string{tcs = "Theoretical Computer Science"}
@string{toplas = "{ACM} Transactions on Programming Languages and Systems"}

@string{lncs = "Lecture Notes in Computer Science"}
@string{encs="Electronic Notes in Computer Science"}
@string{academic = "Academic Press"}
@string{cambridge-press = "Cambridge University Press"}
@string{chapman = "Chapman \& Hall"}
@string{elsevier = "Elsevier"}
@string{mit-press = "The MIT Press"}
@string{noholland = "North-Holland"}
@string{springer = "Springer-Verlag"}
@string{acmpress = "{ACM} Press"}

@string{cam-ma = "Cambridge, Massachusetts"}
@string{ith-ny = "Ithaca, New York"}
@string{pgh-pa = "Pittsburgh, Pennsylvania"}

@string{o1="First"}
@string{o2="Second"}
@string{o3="Third"}
@string{o4="Fourth"}
@string{o5="Fifth"}
@string{o6="Sixth"}
@string{o7="Seventh"}
@string{o8="Eighth"}
@string{o9="Ninth"}
@string{o10="Tenth"}
@string{o11="Eleventh"}
@string{o12="Twelfth"}
@string{o13="Thirteenth"}
@string{o14="Fourteenth"}
@string{o15="Fifteenth"}
@string{o16="Sixteenth"}
@string{o17="Seventeenth"}
@string{o18="Eighteenth"}
@string{o19="Nineteenth"}
@string{o20="Twentieth"}
@string{o21="Twenty-First"}
@string{o22="Twenty-Second"}
@string{o23="Twenty-Third"}
@string{o24="Twenty-Fourth"}
@string{o25="Twenty-Fifth"}
@string{o26="Twenty-Sixth"}
@string{IWMM = "International Workshop on Memory Management"}
@string{csurv = "Computing Surveys"}
@string{sicomp="{SIAM} Journal on Computing"}
@string{polymorphism="Polymorphism: The {ML}/{LCF}/{HOPE} Newsletter"}
@string{tcs="Theoretical Computer Science"}
@string{jcss="Journal of Computer and System Sciences"}
@string{cacm="Communications of the {ACM}"}
@string{toplas="{ACM} Transactions on Progamming Languages and Systems"}
@string{loplas="{ACM} Letters on Progamming Languages and Systems"}
@string{jacm="Journal of the {ACM}"}
@string{jsl="Journal of Symbolic Logic"}
@string{zml="Zeitschrift {f\"ur} Mathematische Logik und Grundlagen der Mathematik"}
@string{icold="Information and Control"}
@string{ic="Information and Computation"}
@string{aml="Annals of Mathematical Logic"}
@string{apal="Annals of Pure and Applied Logic"}
@string{jar="Journal of Automated Reasoning"}
@string{jsc="Journal of Symbolic Computation"}
@string{cs="Computing Surveys"}
@string{ipl="Information Processing Letters"}
@string{jlp="Journal of Logic Programming"}
@string{scp="Science of Computer Programming"}
@string{ai="Acta Informatica"}
@string{lasc="{LISP} and Symbolic Computation"}
@string{jfp="Journal of Functional Programming"}
@string{mscs="Mathematical Structures in Computer Science"}

@string{lncs="Lecture Notes in Computer Science"}
@string{lnm="Lectures Notes in Mathematics"}

@string{popl=" {ACM} Symposium on Principles of Programming Languages"}
@string{sosp=" {ACM} Symposium on Operating Systems Principles"}
@string{lics=" Symposium on Logic in Computer Science"}
@string{cade=" Conference on Automated Deduction"}
@string{lofp="Logics of Programs"}
@string{fpca=" {ACM} Conference on Functional Programming and Computer Architecture"}
@string{stoc=" Symposium on the Theory of Computing"}
@string{focs=" Symposium  on the Foundations of Computer Science"}
@string{icalp=" International Colloquium on Automata, Languages, and
                  Programming"}
@string{pldi="{ACM} Conference on Programming Language Design and
                  Implementation"}
@string{pepm=" {ACM} Conference on Partial Evaluation and Semantics-Based
                Program Manipulation"}
@string{lfp=" {ACM} Conference on Lisp and Functional Programming"}
@string{tic="Workshop on Types in Compilation"}
@string{icfp="{ACM} International Conference on Functional Programming"}

@string{springer="Springer-Verlag"}
@string{nh="North-Holland"}
@string{ph="Prentice-Hall"}
@string{aw="Addison-Wesley"}
@string{ap="Academic Press"}
@string{cup="Cambridge University Press"}
@string{mitp="MIT Press"}

@string{cornell-cs = "Department of Computer Science, Cornell University"}

@string{first="First"}
@string{second="Second"}
@string{third="Third"}
@string{fourth="Fourth"}
@string{fifth="Fifth"}
@string{sixth="Sixth"}
@string{seventh="Seventh"}
@string{eighth="Eighth"}
@string{ninth="Ninth"}
@string{tenth="Tenth"}
@string{eleventh="Eleventh"}
@string{twelfth="Twelfth"}
@string{thirteenth="Thirteenth"}
@string{fourteenth="Fourteenth"}
@string{fifteenth="Fifteenth"}
@string{sixteenth="Sixteenth"}
@string{seventeenth="Seventeenth"}
@string{eighteenth="Eighteenth"}
@string{nineteenth="Nineteenth"}
@string{twentieth="Twentieth"}
@string{twentyfirst="Twenty-First"}
@string{twentysecond="Twenty-Second"}
@string{twentythird="Twenty-Third"}
@string{twentyfourth="Twenty-Fourth"}
@string{twentyfifth="Twenty-Fifth"}
@string{twentysixth="Twenty-Sixth"}
@string{twentyseventh="Twenty-Seventh"}
@string{twentyeighth="Twenty-Eighth"}

@inproceedings{chilimbi,
 author = {Trishul M. Chilimbi},
 title = {Efficient representations and abstractions for quantifying and exploiting data reference locality},
 booktitle = {Proceedings of the ACM SIGPLAN 2001 conference on Programming language design and implementation},
 year = {2001},
 isbn = {1-58113-414-2},
 pages = {191--202},
 location = {Snowbird, Utah, United States},
 doi = {http://doi.acm.org/10.1145/378795.378840},
 publisher = {ACM Press},
 }


@Misc{asdl,
  title="Abstract Syntax Description Language",
  howpublished="\url{http://sourceforge.net/projects/asdl}",
}

@Book{asn,
  author="Olivier Dubuisson",
  title="{ASN.1}: {C}ommunication between heterogeneous systems",
  publisher="Morgan Kaufmann", 
  year="2001"}


@Misc{erlang,
  title="Erlang bit syntax",
  howpublished="\url{http://www.erlang.se/euc/99/binaries.ps}",
}


@Misc{newick,
  title = "Newick file format.  {Workshop} on molecular evolution.",
  howpublished="\url{http://workshop.molecularevolution.org/resources/fileformats/tree_formats.php}"
}

@InProceedings{gpce02, 
       author="Godmar Back",
       title="{D}ata{S}cript - {A} Specification and Scripting 
              Language for Binary Data",
       booktitle="Proceedings of Generative Programming and Component 
                  Engineering",
       year="2002",
       pages="66-77",
       publisher = "LNCS",
       volume = "2487"}

@InProceedings{sigcomm00,
  author=         "Peter Mc{C}ann and Satish Chandra",
  title=          "Packet{T}ypes: {A}bstract Specification of Network Protocol Messages",
  booktitle=      "{ACM} Conference of Special Interest Group on Data 
                   Communications (SIGCOMM)",
  month=          "August",
  year=           "1998",
  pages=          "321-333"
}


@InProceedings{kdd98,
  author=         "Corinna Cortes and Daryl Pregibon",
  title=          "Giga Mining",
  booktitle=      "KDD",
  year=           "1998"
}

@InProceedings{kdd99,
       author="Corinna Cortes and Daryl Pregibon",
       title="Information Mining Platform: An
              infrastructure for {KDD} rapid deployment",
       booktitle= "KDD",
       year="1999"}


@InProceedings{kdd00, 
       author="Corinna Cortes and Kathleen Fisher and Daryl Pregibon and Anne Rogers and Frederick Smith",
       title= "Hancock: {A} Language for Extracting Signatures from Data Streams",
       Booktitle= "KDD",
       Year = "2000", 
       pages = "9-17"}

@article{hancock-toplas,
 author = {Corinna Cortes and Kathleen Fisher and Daryl Pregibon and Anne Rogers and Frederick Smith},
 title = {Hancock: A language for analyzing transactional data streams},
 journal = {ACM Trans. Program. Lang. Syst.},
 volume = {26},
 number = {2},
 year = {2004},
 issn = {0164-0925},
 pages = {301--338},
 doi = {http://doi.acm.org/10.1145/973097.973100},
 publisher = {ACM Press},
 }


@Misc{netflow,
  title="Cisco NetFlow.",
  howpublished="\url{http://www.cisco.com/warp/public/732/Tech/nmp/netflow/index.shtml}",
}

@InProceedings{gigascope, 
       author="Chuck Cranor and Yuan Gao and Theodore Johnson and Vlaidslav Shkapenyuk and Oliver Spatscheck",
       title="Gigascope: {H}igh Performance Network Monitoring with an {SQL} Interface",
       booktitle="SIGMOD",
       year="2002",
       publisher = "ACM"}


@InProceedings{ast,
  author="Glenn Fowler and David Korn and Stephen North and Phong Vo",
  title="The {AT\&T} {AST} opensource software collection",
  booktitle="Proceedings of the {FREENIX} Track 2000 {U}senix Annual Technical Conference",
  pages ="187-195",
  year ="2000"
}

@Book{wpp,
  author="Balachander Krishnamurthy and Jennifer Rexford",
  title="Web Protocols and Practice",
  publisher="Addison Wesley", 
  year="2001"}
  
@InProceedings{clf-cluster, 
       author="Balachander Krishnamurthy and Jia Wang",
       title="On Network-aware clustering of web clients",
       booktitle="Proceedings of SIGCOMM 2000",
       year="2000",
       publisher = "ACM"}

@InProceedings{clf-adaptation, 
       author="Balachander Krishnamurthy and Craig Wills",
       title="Improving web experience by client characterization driven server adaptation",
       booktitle="Proceedings of WWW 2002",
       year="2002",
       publisher = "ACM"}


@Book{xquery,
  editor="Howard Katz",
  title="X{Q}uery from the experts",
  publisher="Addison Wesley", 
  year="2004"}
  
  @InProceedings{galax, 
       author="Mary F. Fern\'andez and J\'r\^ome Sim\'eon and Byron Choi and Am\'elie Marian and Gargi Sur",
       title="Implementing {XQ}uery 1.0: {T}he {G}alax Experience.",
       booktitle="VLDB",
       year="2003",
        pages="1077-1080",
       publisher = "ACM"}


@Misc{dfdl,
  title="{DFDL} Project",
  howpublished="\url{http://forge.gridforum.org/projects/dfdl-wg}",
}

@Misc{galaxmanual,
  title="{G}alax User Manual",
  howpublished="\url{http://www.galaxquery.org/doc.html#manual}",
}

@misc{boag03XQueryDraft,
    title  = {{XQuery 1.0 An XML Query Language, W3C Working Draft}},
    author = "Scott Boag and Don Chamberlin and Mary F. Fern\'andez and
Daniela Florescu and Jonathan Robie and J\'er\^ome Sim\'eon",
    year   = "2004",
    month = "Aug",
    note = "\url{http://www.w3.org/TR/xquery}" }


@Misc{padsmanual,
  title="{PADS} User Manual",
  howpublished="\url{http://www.research.att.com/projects/pads/index.html}",
  note="To appear."
}

@Misc{erlang-bit-syntax,
  title="Proposals for and Experiments with an {E}rlang Bit Syntax",
  howpublished="http://lambda.weblogs.com/discuss/msgReader\$5185",
}

@Misc{http,
  title="Hypertext Transfer Protocol -- {HTTP}/1.1",
  howpublished="\url{http://www.w3.org/Protocols/rfc2616/rfc2616.html}",
}

@Misc{unicode,
  title="Unicode Home Page",
  howpublished="\url{http://www.unicode.org/}",
}

@Unpublished{ckit,
  author=         "Satish Chandra and 
                   Nevin Heintze and David Mac{Q}ueen and 
                   Dino Oliva and Michael Siff",
  title=          "{C}-frontend library for {SML/NJ}",
  note=           "See 
\url{cm.bell-labs.com/cm/cs/what/smlnj.}",
  year=           1999
}

@InProceedings{sfio,
  author =        "David G.~  Korn and Kiem-Phong Vo",
  title =         "{SFIO}: {S}afe/Fast String/File {IO}",
  booktitle =     "Proc. of the Summer '91 Usenix Conference",
  publisher=      "USENIX",
  pages =         "235-256",
  year =          1991
}

@InProceedings{korn+:data-format,
  author =        "David G.~  Korn and Kiem-Phong Vo",
  title =         "Engineering a Differencing and Compression Data Format",
  booktitle =     "Proc. of the 2002 Usenix Conference",
  publisher=      "USENIX",
  pages =         "235-256",
  year =          2002
}

@article{korn+:delta,
  author =        "James J. Hunt and David G.~  Korn and Kiem-Phong Vo",
  title =         "Delta Algorithms: An Empirical Analysis",
  journal =     "{ACM} Transactions on Software Engineering and Methodology",
  volume=     7,
  pages =         "192-214",
  year =          1998
}

@InProceedings{histograms,
  author =        "Sudipto Guha and Piotr Indyk and S. Muthukrishnan and Martin Strauss",
  title =         "Histogramming Data Streams with Fast Per-Item Processing",
  booktitle =     "ICALP",
  pages =         "681-692",
  year =          "2002"
}

@InProceedings{histograms-wavelets,
	author = "Anna C. Gilbert and Sudipto Guha and Piotr Indyk and Yannis Kotidis and S. Muthukrishnan and Martin Strauss",
	title="Fast, small-space algorithms for approximate histogram maintenance",
	booktitle="STOC",
	year="2002",
	pages="389-398"
	}
	
@InProceedings{quantiles,
	author = "Anna C. Gilbert and Yannis Kotidis and S. Muthukrishnan and Martin Strauss",
	title="How to Summarize the Universe: Dynamic Maintenance of Quantiles",
	booktitle="VLDB",
	year="2002",
	pages="454465"
	}
	
@Article{bind,
  author = 	 {G. D. Bader and D. Betel and C. W. Hogue},
  title = 	 {{BIND}: the Biomolecular Interaction Network Database},
  journal = 	 {Nucleic Acids Res.},
  year = 	 {2003},
  volume = 	 {31},
  number = 	 {1},
  pages = 	 {248--250},
}

@Misc{geneontology,
  author = 	 {Gene Ontology Consortium},
  title = 	 {Gene Ontology Project},
  howpublished = {http://www.geneontology.org/},
}

@Misc{genericbiodata,
  title = 	 {Generic Model Organism Database Construction Set},
  howpublished = {http://www.gmod.org/},
}



@Article{grid,
  author = 	 {B. J. Breitkreutz and C. Stark and M. Tyers},
  title = 	 {The GRID: the General Repository for Interaction Datasets},
  journal = 	 {Genome Biology},
  year = 	 {2003},
  volume = 	 {4},
  number = 	 {3},
}

%%% Dave

%% Dave's bib stuff:

@InProceedings{bauer+:non-interfering-monitors,
  author = 	 {Lujo Bauer and Jarred Ligatti and David Walker},
  title = 	 {Types and Effects for Non-interfering program monitors},
  booktitle = 	 {International Symposium on Software Security},
  year = 	 {2002},
  month = 	 nov,
  address =      {Tokyo, Japan},
}



@Article{ligatti+:edit-automata,
  author = 	 {Jarred Ligatti and Lujo Bauer and  David Walker},
  title = 	 {Edit Automata: enforcement mechanisms for Run-time Security Policies},
  journal = 	 {International journal of information security},
  year = 	 {2005},
  month =        feb,
  number = 2,
  volume =4,
  pages ="2--16"
}



@inproceedings{morrisett+:tal-popl,
  author = "Greg Morrisett and David Walker and Karl Crary and Neal Glew",
  title = "From {S}ystem {F} to {T}yped {A}ssembly {L}anguage",
  booktitle = POPL98,
  month = jan,
  year = 1998,
  address = "San Diego",
  pages = "85--97"
}

@inproceedings{crary+:capabilities,
  author = "Karl Crary and David Walker and Greg Morrisett",
  title = "Typed Memory Management in a Calculus of Capabilities",
  booktitle = POPL99,
  year = 1999,
  month = jan,
  address = "San Antonio",
  pages = "262--275"
}

@inproceedings{smith+:alias-types,
title="Alias Types",
author = "Frederick Smith and David Walker and Greg Morrisett",
booktitle = "In \emph{Proceedings of the 9th European Symposium on
             Programming Languages and Systems}",
year=2000,
month = mar,
address = "Berlin",
pages = "366-381"
}

@inproceedings{walker+:alias-recursive,
  author = "David Walker and Greg Morrisett",
  title = "Alias Types for Recursive Data Structures",
  booktitle = "Workshop on Types in Compilation",
  year = 2000,
  month = sep,
  address = "Montreal",
}

@phdthesis{walker:thesis,  
  title = "Typed Memory Management",
  author = "David Walker",
  school = "Cornell University",
  year = 2001,
  month = jan
}

@Inproceedings{mandelbaum+:refinements,
  author = 	 {Yitzhak Mandelbaum and David Walker and Robert Harper},
  title = 	 {An Effective Theory of Type Refinements},
  booktitle = {{ACM SIGPLAN} International Conference on Functional Programming},
  year = 	 {2003},
  month = aug, 
}


@InBook{walker:attapl,
  author = 	 {David Walker},
  title = 	 {Substructural type systems},
  booktitle =    {Advanced topics in types and programming languages},
  chapter = 	 {1},
  publisher = 	 {MIT Press},
  year = 	 {2005},
  month =        jan,
  note = 	 {In \emph{Advanced topics in types and programming languages}, Benjamin Pierce, ed.},
}

@ARTICLE{hosoya+:xduce-journal,
  AUTHOR = {Haruo Hosoya and Benjamin C. Pierce},
  TITLE = {{XDuce}: A Statically Typed {XML} Processing Language},
  JOURNAL = {ACM Transactions on Internet Technology},
  YEAR = {2003},
  VOLUME = 3,
  NUMBER = 2,
  MONTH = MAY,
  PAGES = {117--148},
  CHECKED = {Yes},
  OFFICIAL = {http://doi.acm.org/10.1145/767193.767195},
  PLCLUB = {Yes},
  BCP = {Yes},
  KEYS = {xduce}
}

@INPROCEEDINGS{foster+:lenses-full,
  AUTHOR = {J. Nathan Foster and Michael B. Greenwald and Jonathan T. Moore 
                  and Benjamin C. Pierce and Alan Schmitt},
  TITLE = {Combinators for Bi-Directional Tree Transformations: 
                  {A} Linguistic Approach to the View Update Problem},
  BOOKTITLE = {{ACM} {SIGPLAN--SIGACT} {S}ymposium on {P}rinciples of {P}rogramming
                     {L}anguages ({POPL}), Long Beach, California},
  YEAR = {2005},
  CONF = {http://www.cis.upenn.edu/~bcpierce/papers/newlenses-popl.pdf},
  SLIDES = {http://www.cis.upenn.edu/~bcpierce/papers/newlenses-popl-slides.pdf},
  TR = {http://www.cis.upenn.edu/~bcpierce/papers/newlenses-full.pdf},
  NOTE = {Extended version available as University of Pennsylvania 
                  technical report MS-CIS-03-08.  Earlier version presented at 
                  the {\em Workshop on Programming Language Technologies for 
                  XML (PLAN-X)}, 2004},
  PLCLUB = {Yes},
  BCP = {Yes},
  KEYS = {harmony}
}

@INPROCEEDINGS{foster+:lenses,
  AUTHOR = {J. Nathan Foster and Michael B. Greenwald and Jonathan T. Moore 
                  and Benjamin C. Pierce and Alan Schmitt},
  TITLE = {Combinators for Bi-Directional Tree Transformations: 
                  {A} Linguistic Approach to the View Update Problem},
  BOOKTITLE = {{POPL}},
  YEAR = {2005},
  CONF = {http://www.cis.upenn.edu/~bcpierce/papers/newlenses-popl.pdf},
  SLIDES = {http://www.cis.upenn.edu/~bcpierce/papers/newlenses-popl-slides.pdf},
  TR = {http://www.cis.upenn.edu/~bcpierce/papers/newlenses-full.pdf},
  PLCLUB = {Yes},
  BCP = {Yes},
  KEYS = {harmony}
}

@INPROCEEDINGS{gapeyev+:XtaticRuntime,
  TITLE = {{XML} Goes Native: {R}un-time Representations for {Xtatic}},
  AUTHOR = {Vladimir Gapeyev and Michael Y. Levin
                  and Benjamin C. Pierce and Alan Schmitt},
  YEAR = 2005,
  MONTH = APR,
  BOOKTITLE = {14th International Conference on Compiler Construction},
  CONF = {http://www.cis.upenn.edu/~bcpierce/papers/xtatic-runtime-CC.pdf},
  TR = {http://www.cis.upenn.edu/~bcpierce/papers/xtatic-runtime-TR.pdf},
  PLCLUB = {Yes},
  BCP = {Yes},
  KEYS = {xtatic}
}

@Inproceedings{benzaken+:cduce,
  author = {V. Benzaken and G. Castagna and A. Frisch},
  title = {{CDuce}: An {XML}-Centric General-Purpose Language},
  booktitle = {{ACM SIGPLAN} {ICFP}},
  year = 	 {2003},
  month = aug, 
}

@Inproceedings{benzaken+:cduce-full,
  author = {V. Benzaken and G. Castagna and A. Frisch},
  title = {{CDuce}: An {XML}-Centric General-Purpose Language},
  booktitle = {{ACM SIGPLAN} International Conference on Functional Programming},
  year = 	 {2003},
  month = aug, 
}

@article{morrisett+:tal,
  author = "Greg Morrisett and David Walker and Karl Crary and Neal Glew",
  title = "From {S}ystem {F} to {T}yped {A}ssembly {L}anguage",
  journal = "{ACM} Transactions on Programming Languages and Systems",
  month = may,
  volume = 3,
  number = 21,
  year = 1999,
  pages = "528-569",
}

@article{walker+:capabilities,
  author = "David Walker and Karl Crary and Greg Morrisett",
  title = "Typed Memory Management in a Calculus of Capabilities",
  journal = "{ACM} Transactions on Programming Languages and Systems",
  year = 2000,
  month = may,
  volume = 22,
  number =4,
  pages = "701--771"
}


@InProceedings{ahmed+:stack,
  author = 	 {Amal Ahmed and David Walker},
  title = 	 {The Logical Approach to Stack Typing},
  booktitle = 	 {{ACM SIGPLAN} Workshop on Types in Language Design and Implementation},
  year = 	 {2003},
  month = 	 jan,
  address = "New Orleans",
}


@InProceedings{ahmed+:hierarchical-storage,
  author = 	 {Amal Ahmed and Limin Jia and David Walker},
  title = 	 {Reasoning about Hierarchical Storage},
  booktitle = 	 {{IEEE} Symposium on Logic in Computer Science},
  year = 	 {2003},
  month = 	 jun,
  address = "Ottawa, Canada",
  pages = "33--44"
}

@article{morrisett+:journal-stal,
  author = "Greg Morrisett and Karl Crary and Neal Glew and David Walker",
  title = "Stack-Based {T}yped {A}ssembly {L}anguage",
  journal = "Journal of Functional Programming",
  year = 2002,
  month = jan,
  volume = 12,
  number =1,
  pages = "43--88"
} 

@inproceedings{tofte+:regions,
  title="Implementation of the Typed Call-By-Value $\lambda$-Calculus using a Stack of Regions",
  author="Mads Tofte and Jean-Pierre Talpin",
  booktitle=twentyfirst # popl,
  year=1994,
  month=jan,
  pages="188--201",
  address="Portland, Oregon"
}

@inproceedings{walker:security,
  title = "A Type System for Expressive Security Policies",
  author = "David Walker",
  booktitle = POPL00,
  year = 2000,
  month= jan,
  address= "Boston",
  pages = "254--267"
} 

@ARTICLE{lieberherr+:aspectual-collaborations,
AUTHOR = "Karl J. Lieberherr and David Lorenz and Johan Ovlinger",
TITLE = "Aspectual Collaborations -- Combining Modules and Aspects",
JOURNAL = "The Computer Journal" ,
YEAR = "2003",
MONTH        = "September",
VOLUME = 46,
NUMBER = 5,
PAGES = "542-565",
PUBLISHER = "Oxford University Press",
}

@InProceedings{masuhara+:compilation-semantics-aspects,
  author = 	 {Hidehiko Masuhara and Gregor Kiczales and Chris Dutchyn},
  title = 	 {Compilation Semantics of Aspect-Oriented Programs},
  booktitle = {Foundations of Aspect-Oriented Languages Workshop},
  pages = 	 {17--25},
  year = 	 {2002},
  month =        apr,
  editor = 	 {Gary T. Leavens and Ron Cytron},
}


@InProceedings{walker+:aspects,
  author = 	 {David Walker and Steve Zdancewic and Jay Ligatti},
  title = 	 {A Theory of Aspects},
  booktitle =    {{ACM SIGPLAN} International Conference on Functional Programming Languages},
  year = 	 2003,
  address = 	 {Uppsala, Sweden},
  month = 	 aug,
}


@InProceedings{douence+:composition,
  author = 	 {Remi Douence and Olivier Motelet and Mario S\"{u}dholt},
  title = 	 {Composition, reuse and interaction analysis of stateful aspects},
  booktitle = {Conference on Aspect-Oriented Software Development},
  pages = 	 {141--150},
  year = 	 2004,
  month = 	 mar,
}


@InProceedings{douence+:aspects,
  author = 	 {Remi Douence and Olivier Motelet and Mario S\"{u}dholt},
  title = 	 {A formal definition of crosscuts},
  booktitle = {Third International Conference on Metalevel architectures and separation of crosscutting concerns},
  pages = 	 "170--186",
  year = 	 2001,
  volume = 	 {2192},
  series = 	 lncs,
  address = 	 {Berlin},
  month = 	 sep,
  publisher = springer,
}


@inproceedings{erlingsson+:irm,
 author = "{\'{U}lfar} Erlingsson and Fred B. Schneider",
 title = "{IRM} Enforcement of {J}ava Stack Inspection",
 booktitle = "{IEEE} Symposium on Security and Privacy",
 address = "Oakland, California",
 month = may,
 year = 2000,
 pages = "246--255",
}


@InProceedings{jagadeesen+:untyped-aspects,
  author = 	 {Radha Jagadeesan  and Alan Jeffrey and James Riely},
  title = 	 {A Calculus of Untyped Aspect-Oriented Programs},
  booktitle = {European Conference on Object-Oriented Programming},
  year = 	 {2003},
  address = 	 {Darmstadt, Germany},
  month = 	 jul,
}


@InProceedings{clifton+:assistants-observers,
  author = 	 {C. Clifton and G. T. Leavens},
  title = 	 {Assistants and Observers:  A Proposal for Modular Aspect-Oriented Reasoning}, 
  booktitle = {Foundations of Aspect Languages},
  year = 	 2002,
  month = 	 apr,
}


@inproceedings{evans+:naccio,
  author = "David Evans and Andrew Twyman",
  title = "Flexible Policy-Directed Code Safety",
  booktitle = "{IEEE} Security and Privacy",
  address = "Oakland, CA", 
  month = may,
  year = 1999  
}


@Article{myers+:overview,
  author = 	 {Andrei Sabelfeld and Andrew C. Myers},
  title = 	 {Language-Based Information-Flow Security},
  journal = 	 {{IEEE} Journal on Selected Areas in Communications},
  year = 	 {2003},
  volume = 	 {21},
  number = 	 {1},
  pages = 	 {5--19},
  month = 	 jan,
}

@InProceedings{wand+:aspect-semantics,
  author =    {Mitchell Wand and Gregor Kiczales and Christopher Dutchyn},
  title =     {A Semantics for Advice and Dynamic Join Points in Aspect-Oriented Programming},
  booktitle = {Foundations of Aspect-Oriented Languages Workshop},
  pages = 	 {17--25},
  year = 	 {2002},
  month =        apr,
  editor = 	 {Gary T. Leavens and Ron Cytron},
  note = "Iowa State University University technical report 02-06",
}

@InProceedings{dantas+:harmless-advice,
  author = 	 {Daniel S. Dantas and David Walker},
  title = 	 {Harmless Advice},
  booktitle = 	 {Workshop on Foundations of Object-oriented Languages},
  year = 	 2005,
  month = 	 jan,
}




@Misc{summerschool04,
  title = 	 {Summer School On Software Security: Theory to Practice},
  key =   	 {Summer School On Software Security: Theory to Practice},
  month = 	 jun,
  year = 	 {2004},
}

@Misc{summerschool05,
  title = 	 {Summer School On Reliable Computing},
  key =   	 {Summer School On Reliable Computing},
  howpublished = {http://www.cs.uoregon.edu/research/summerschool/summer05/index.html},
  month = 	 jul,
  year = 	 {2005},
}

@InProceedings{ligatti+:renewal,
  author = 	 {Jarred Ligatti and Lujo Bauer and David Walker},
  title = 	 {Enforcing Non-Safety Security Policies with Program Monitors},
  booktitle = 	 {European Symposium on Research in Computer Security},
  year = 	 2005,
  month = 	 sep,
  note = "To appear"
}

@InProceedings{bauer+:polymer,
  author = 	 {Lujo Bauer and Jarred Ligatti and David Walker},
  title = 	 {Composing Security Policies with {Polymer}},
  booktitle = 	 {Proceedings of the {ACM SIGPLAN} 2005 Conference on Programming language design and implementation},
  year = 	 {2005},
  month = 	 jun,
  note = 	 {To appear.},
}


@InProceedings{fisher+:pads,
  author = 	 {Kathleen Fisher and Robert Gruber},
  title = 	 {{PADS}:  A Domain-Specific Language for Processing Ad Hoc Data Sources},
  booktitle = 	 {Proceedings of the {ACM SIGPLAN} 2005 Conference on Programming language design and implementation},
  year = 	 {2005},
  month = 	 jun,
  note = 	 {To appear.},
}




@Misc{pads-website,
  key = 	 {PADS},
  author = 	 {Mary Fernandez and Kathleen Fisher and Joel M. Gottlieb and Bob Gruber and Yitzhak Mandelbaum and David Walker and Xuan Zheng},
  title = 	 {The {PADS} Project.},
  howpublished = {\url{www.padsproj.org}},
}

@Unpublished{fisher+:pads-semantics,
  author = 	 {Kathleen Fisher and Yitzhak Mandelbaum and David Walker},
  title = 	 {A Calculus for Describing Ad Hoc Data},
  note = 	 {Draft manuscript.},
  month = 	 jun,
  year = 	 {2005},
}


@Unpublished{fisher+:datatype,
  author = 	 {Mary Fernandez and Kathleen Fisher and Yitzhak Mandelbaum and David Walker},
  title = 	 {\datatype: Preliminary Design},
  note = 	 {Draft manuscript.},
  month = 	 jun,
  year = 	 {2005},
}


@Misc{ethereal,
  key = 	 {Ethereal},
  title = 	 {Ethereal},
  howpublished = {\url{www.ethereal.com}},
}

@Misc{etherealvulnerabilities,
  key = 	 {Ethereal},
  title = 	 {Multiple (13) Ethereal remote overflows},
  howpublished = {\url{http://security.e-matters.de/advisories/032004.html}},
}
      
@InProceedings{erlang-bits,
  author = 	 {C. Wikstrom and T. Rogvall},
  title = 	 {Protocol programming in {Erlang} using binaries},
  booktitle = 	 {Proceedings of the Fifth International {Erlang/OTP} User Conference,},
  year = 	 {1999},
  month = 	 oct,
}

@Unpublished{eger:blt,
  author = 	 {David Eger},
  title = 	 {Bit Level Types},
  month = 	 mar,
  year = 	 {2005},
  note = 	 {Unpublished manuscript}
}

@InProceedings{findler+:contracts,
  author = 	 {Robert Bruce Findler and Matthias Felleisen},
  title = 	 {Contracts for Higher-Order Functions},
  booktitle = {{ICFP}},
  pages = 	 {48--59},
  year = 	 2002,
  address = 	 {Pittsburgh},
  month = 	 oct,
  publisher = acmpress,
}
@InProceedings{findler+:contracts-full,
  author = 	 {Robert Bruce Findler and Matthias Felleisen},
  title = 	 {Contracts for Higher-Order Functions},
  booktitle = icfp,
  pages = 	 {48--59},
  year = 	 2002,
  address = 	 {Pittsburgh},
  month = 	 oct,
  publisher = acmpress,
}


@Book{eiffel,
  author = 	 {B. Meyer},
  title = 	 {Eiffel: The Language},
  publisher = 	 {Prentice Hall},
  year = 	 {1992},
}

@Article{magic,
  author = 	 {O. G. Troyanskaya and K. Dolinski and A. B. Owen  and R. B. Altman and D. Botstein},
  title = 	 {A Bayesian framework for combining heterogeneous data sources for gene function prediction (in S. cerevisiae). },
  journal = 	 {Proceedings of the National Academy of Science},
  year = 	 {2003},
  volume = 	 {100},
  number = 	 {4},
  pages = 	 {1926-30},
}

@Unpublished{ligatti+:aspectsjournal,
  author = 	 {Jay Ligatti and David Walker and Steve Zdancewic},
  title = 	 {A Type-Theoretic Interpretation of Pointcuts and Advice},
  note =    {Submitted for journal publication},
  year = 	 2005,
  address = 	 {Uppsala, Sweden},
  month = 	 mar,
}

@InProceedings{dantas+:polyaml,
  author = 	 {Daniel S. Dantas and David Walker and Geoffrey Washburn and Stephanie Weirich},
  title = 	 {{PolyAML}: A Polymorphic Aspect-oriented Functional Programmming Language},
  booktitle = 	 icfp,
  year = 	 2005,
  month = 	 sep,
  note = "To appear"
}


@InProceedings{jia+:stack,
  author = 	 {Limin Jia and Frances Spalding and David Walker and Neal Glew},
  title = 	 {Certifying Compilation for Language with Stack Allocation},
  booktitle = 	 {{IEEE} Symposium on Logic in Computer Science},
  year = 	 {2005},
  month = 	 jun,
  note = "To appear"
}




