@inproceedings{Forest,
 author = {Fisher, Kathleen and Foster, Nate and Walker, David and Zhu, Kenny Q.},
 title = {Forest: A Language and Toolkit for Programming with Filestores},
 booktitle = {Proceedings of the 16th ACM SIGPLAN International Conference on Functional Programming},
 series = {ICFP '11},
 year = {2011},
 location = {Tokyo, Japan},
 pages = {292--306},
 numpages = {15},
 publisher = {ACM},
} 