@string{cmu-cs = "Carnegie Mellon University, School of Computer Science"}
@string{cornell-cs = "Department of Computer Science, Cornell University"}
@string{dec-src = "Digital Equipment Corporation, Systems Research Center"}
@string{edin-cs = "Department of Computer Science, University of Edinburgh"}
@string{inria = "Institut National de Recherche en Informatique et Automatique (INRIA)"}
@string{yale-cs = "Yale University, Department of Computer Science"}

@string{euc5 = "Fifth International {Erlang/OTP} User Conference"}
@string{sigcomm = "{ACM} Conference of Special Interest Group on Data Communications"}
@string{oopsla = "{ACM} Conference on Object-oriented Programming, Systems, Languages, and Applications"}
@string{gpce = "Generative Programming and Component Engineering"}
@string{gpces = "{GPCE}"}
@string{cade = "International Conference on Automated Deduction"}
@string{esop = "European Symposium on Programming"}
@string{fool = "Foundations of Object-Oriented Languages Workshop"}
@string{fpca = "Conference on Functional Programming Languages and Computer Architecture"}
@string{icalp = "International Colloquium on Automata, Languages, and Programming"}
@string{icfp = "{ACM} International Conference on Functional Programming"}
@string{icfpca = "{ACM} International Conference on Functional Programming and Computer Architecture"}
@string{lfp = "{ACM} Conference on {Lisp} and Functional Programming"}
@string{lics = "{IEEE} Symposium on Logic in Computer Science"}
@string{mfps = "Mathematical Foundations of Programming Semantics"}
@string{pldi = "{ACM} Conference on Programming Language Design and Implementation"}
@string{popl = "{ACM} Symposium on Principles of Programming Languages"}
@string{tacs = "Theoretical Aspects of Computer Software"}
@string{tic = "Workshop on Types in Compilation"}
@string{tlca = "International Conference on Typed Lambda Calculi and Applications"}
@string{dbpl10 = "10th International Workshop on Database Programming Languages, DBPL~'05"}

@string{info-comp = "Information and Computation"}
@string{spe = "Software Practice and Experience"}
@string{jacm = "Journal of the {ACM}"}
@string{jfp = "Journal of Functional Programming"}
@string{mscs = "Mathematical Structures in Computer Science"}
@string{tcs = "Theoretical Computer Science"}
@string{toplas = "{ACM} Transactions on Programming Languages and Systems"}

@string{lncs = "Lecture Notes in Computer Science"}
@string{encs="Electronic Notes in Computer Science"}
@string{academic = "Academic Press"}
@string{cambridge-press = "Cambridge University Press"}
@string{chapman = "Chapman \& Hall"}
@string{elsevier = "Elsevier"}
@string{mit-press = "The MIT Press"}
@string{noholland = "North-Holland"}
@string{springer = "Springer"}
@string{springerver = "Springer-Verlag"}
@string{acmpress = "{ACM} Press"}

@string{cam-ma = "Cambridge, Massachusetts"}
@string{ith-ny = "Ithaca, New York"}
@string{pgh-pa = "Pittsburgh, Pennsylvania"}

@string{o1="First"}
@string{o2="Second"}
@string{o3="Third"}
@string{o4="Fourth"}
@string{o5="Fifth"}
@string{o6="Sixth"}
@string{o7="Seventh"}
@string{o8="Eighth"}
@string{o9="Ninth"}
@string{o10="Tenth"}
@string{o11="Eleventh"}
@string{o12="Twelfth"}
@string{o13="Thirteenth"}
@string{o14="Fourteenth"}
@string{o15="Fifteenth"}
@string{o16="Sixteenth"}
@string{o17="Seventeenth"}
@string{o18="Eighteenth"}
@string{o19="Nineteenth"}
@string{o20="Twentieth"}
@string{o21="Twenty-First"}
@string{o22="Twenty-Second"}
@string{o23="Twenty-Third"}
@string{o24="Twenty-Fourth"}
@string{o25="Twenty-Fifth"}
@string{o26="Twenty-Sixth"}
@string{IWMM = "International Workshop on Memory Management"}
@string{csurv = "Computing Surveys"}
@string{sicomp="{SIAM} Journal on Computing"}
@string{polymorphism="Polymorphism: The {ML}/{LCF}/{HOPE} Newsletter"}
@string{tcs="Theoretical Computer Science"}
@string{jcss="Journal of Computer and System Sciences"}
@string{cacm="Communications of the {ACM}"}
@string{toplas="{ACM} Transactions on Progamming Languages and Systems"}
@string{loplas="{ACM} Letters on Progamming Languages and Systems"}
@string{jacm="Journal of the {ACM}"}
@string{jsl="Journal of Symbolic Logic"}
@string{zml="Zeitschrift {f\"ur} Mathematische Logik und Grundlagen der Mathematik"}
@string{icold="Information and Control"}
@string{ic="Information and Computation"}
@string{aml="Annals of Mathematical Logic"}
@string{apal="Annals of Pure and Applied Logic"}
@string{jar="Journal of Automated Reasoning"}
@string{jsc="Journal of Symbolic Computation"}
@string{cs="Computing Surveys"}
@string{ipl="Information Processing Letters"}
@string{jlp="Journal of Logic Programming"}
@string{scp="Science of Computer Programming"}
@string{ai="Acta Informatica"}
@string{lasc="{LISP} and Symbolic Computation"}
@string{jfp="Journal of Functional Programming"}
@string{mscs="Mathematical Structures in Computer Science"}

@string{lncs="Lecture Notes in Computer Science"}
@string{lnm="Lectures Notes in Mathematics"}

@string{popl=" {ACM} Symposium on Principles of Programming Languages"}
@string{sosp=" {ACM} Symposium on Operating Systems Principles"}
@string{lics=" Symposium on Logic in Computer Science"}
@string{cade=" Conference on Automated Deduction"}
@string{lofp="Logics of Programs"}
@string{fpca=" {ACM} Conference on Functional Programming and Computer Architecture"}
@string{stoc=" Symposium on the Theory of Computing"}
@string{focs=" Symposium  on the Foundations of Computer Science"}
@string{icalp=" International Colloquium on Automata, Languages, and
                  Programming"}
@string{pldi="{ACM} Conference on Programming Language Design and
                  Implementation"}
@string{pepm=" {ACM} Conference on Partial Evaluation and Semantics-Based
                Program Manipulation"}
@string{lfp=" {ACM} Conference on Lisp and Functional Programming"}
@string{tic="Workshop on Types in Compilation"}
@string{icfp="{ACM} International Conference on Functional Programming"}

@string{nh="North-Holland"}
@string{ph="Prentice-Hall"}
@string{aw="Addison-Wesley"}
@string{ap="Academic Press"}
@string{cup="Cambridge University Press"}
@string{mitp="MIT Press"}

@string{cornell-cs = "Department of Computer Science, Cornell University"}

@string{first="First"}
@string{second="Second"}
@string{third="Third"}
@string{fourth="Fourth"}
@string{fifth="Fifth"}
@string{sixth="Sixth"}
@string{seventh="Seventh"}
@string{eighth="Eighth"}
@string{ninth="Ninth"}
@string{tenth="Tenth"}
@string{eleventh="Eleventh"}
@string{twelfth="Twelfth"}
@string{thirteenth="Thirteenth"}
@string{fourteenth="Fourteenth"}
@string{fifteenth="Fifteenth"}
@string{sixteenth="Sixteenth"}
@string{seventeenth="Seventeenth"}
@string{eighteenth="Eighteenth"}
@string{nineteenth="Nineteenth"}
@string{twentieth="Twentieth"}
@string{twentyfirst="Twenty-First"}
@string{twentysecond="Twenty-Second"}
@string{twentythird="Twenty-Third"}
@string{twentyfourth="Twenty-Fourth"}
@string{twentyfifth="Twenty-Fifth"}
@string{twentysixth="Twenty-Sixth"}
@string{twentyseventh="Twenty-Seventh"}
@string{twentyeighth="Twenty-Eighth"}


@InProceedings{dantas+:polyaml,
  author = 	 {Daniel S. Dantas and David Walker and Geoffrey Washburn and Stephanie Weirich},
  title = 	 {{PolyAML}: A Polymorphic Aspect-oriented Functional Programmming Language},
  booktitle = 	 {{ACM SIGPLAN} International Conference on Functional Programming},
  pages = 	 {306-319},
  year = 	 2005,
  month = 	 sep,
}

@ARTICLE{mandelbaum+:reglens,
author = {{Mandelbaum}, R. and {Hirata}, C.~M. and {Seljak}, U. and {Guzik}, J. and 
{Padmanabhan}, N. and {Blake}, C. and {Blanton}, M.~R. and {Lupton}, R. and 
{Brinkmann}, J.},
title = "{Systematic errors in weak lensing: application to SDSS galaxy-galaxy weak lensing}",
journal = {Mon. Not. R. Astron. Soc.},
year = 2005,
month = aug,
volume = 361,
pages = {1287-1322},
doi = {10.1111/j.1365-2966.2005.09282.x},
adsurl = {http://adsabs.harvard.edu/cgi-bin/nph-bib_query?bibcode=2005MNRAS.361.1287M&db_key=AST},
adsnote = {Provided by the Smithsonian/NASA Astrophysics Data System}
}

@Article{magic,
  author = 	 {O. G. Troyanskaya and K. Dolinski and A. B. Owen and R. B. Altman and D. Botstein},
  title = 	 {A Bayesian framework for combining heterogeneous data sources for gene function prediction (in S. cerevisiae)},
  journal = 	 {National Academy of Science},
  year = 	 {2003},
  volume = 	 {100},
  number = 	 {14},
  pages = 	 {8348-8353},
}

@InProceedings{launchpads,
  author = 	 {Mark Daly and Mary Fernandez and Kathleen Fisher and Yitzhak Mandelbaum and David Walker},
  title = 	 {{LaunchPADS}: A System for Processing Ad Hoc Data},
  booktitle = 	 {{ACM SIGMOD}, Demo Paper},
  year = 	 2006,
  month = 	 jun,
}

@InProceedings{launchpads-planx,
  author = 	 {Mark Daly and Mary Fernandez and Kathleen Fisher and Yitzhak Mandelbaum and David Walker},
  title = 	 {{LaunchPADS}: A System for Processing Ad Hoc Data},
  booktitle = 	 {Programming Language Technologies for XML, Demo Paper},
  year = 	 2006,
  month = 	 jan,
}

@Misc{padsproj,
  key = 	 {The PADS Project},
  author = 	 {Mark Daly and Mary Fernandez and Kathleen Fisher and Joel M. Gottlieb and Robert Gruber and Yitzhak Mandelbaum and David Walker and Xuan Zheng},
  title = 	 {The {PADS} Project},
  howpublished = {\url{http://www.padsproj.org}},
  note = {Online demo at \url{http://www.padsproj.org/demo/pads_demo.html}}
}

@inproceedings{chilimbi,
 author = {Trishul M. Chilimbi},
 title = {Efficient representations and abstractions for quantifying and exploiting data reference locality},
 booktitle = {Proceedings of the ACM SIGPLAN 2001 conference on Programming language design and implementation},
 year = {2001},
 isbn = {1-58113-414-2},
 pages = {191--202},
 location = {Snowbird, Utah, United States},
 doi = {doi.acm.org/10.1145/378795.378840},
 publisher = acmpress,
 }



@InProceedings{zhao+:sigmod05,
  author = 	 {Yong Zhao and Jed Dobson and Ian Foster and Luc Moreau and Micael Wilde},
  title = 	 {A notation and system for expressing and executing cleanly typed workflows on messy scientific data},
  booktitle = 	 {{ACM SIGMOD Record}},
  pages = 	 {37-43},
  year = 	 {2005},
  volume = 	 {34},
  number = 	 {3},
}

@InProceedings{xdtm,
  author = 	 {Luc Moreau and Yong Zhao and Ian Foster and Jens Voeckler and Micael Wilde},
  title = 	 {XDTM: The XML Data Type and Mapping for Specifying Datasets},
  booktitle = 	 {European Grid Conference},
  year = 	 {2005},
}

@Misc{hdf5,
  key = 	 {Hierarchical Data Format 5},
  title = 	 {Hierarchical Data Format 5},
  howpublished = {National Center for Supercomputing Applications (NCSA) at the University of Illinois at Urbana-Champaign (UIUC). \url{http://hdf.ncsa.uiuc.edu/HDF5/}},
}

@Misc{bfd,
  key = 	 "Binary format definition",
  author = 	 {J. Myers and A. Chappell},
  title = 	 {Binary format definition ({BFD})},
  howpublished = {\url{http://collaboratory.emsl.pnl.gov/sam/bfd/}},
  year = 	 {2000},
}

@Misc{mets,
  key = 	 "METS",
  title = 	 {{METS}: An overview and tutorial.},
  howpublished = {\url{http://www.loc.gov/standards/mets/METSOverview.v2.html}},
  year = 	 {2003},
}

@Misc{asdl,
  key="Abstract Syntax Description Language",
  title="Abstract Syntax Description Language",
  howpublished="\url{sourceforge.net/projects/asdl}",
}

@Book{asn,
  author="Olivier Dubuisson",
  title="{ASN.1}: {C}ommunication between heterogeneous systems",
  publisher="Morgan Kaufmann", 
  year="2001"}


@Misc{erlang,
  key="Erlang",
  title="Erlang bit syntax",
  howpublished="\url{www.erlang.se/euc/99/binaries.ps}",
}

@inproceedings{igarasi+:featherweight,
 author = {Atshushi Igarashi and Benjamin Pierce and Philip Wadler},
 title = {{Featherwieght Java}: {A} minimal core calculus for {Java} and {GJ}},
 booktitle = oopsla,
 year = {1999},
 pages = {132--146},
 publisher = acmpress,
 comment-location = {Denver, Colorado, United States},
 comment-doi = {doi.acm.org/10.1145/320384.320395},
 comment-isbn = {1-58113-238-7},
 comment-address = {New York, NY, USA},
 }

@Misc{geneontology,
  organization = 	 {{Gene} {Ontology} Consortium},
  key =           {{Gene} {Ontology} Consortium},
  title = 	 {{Gene} {Ontology} {Project}},
  howpublished = {\url{www.geneontology.org}}
}

@Unpublished{fisher+:pads-semantics-ext,
  author = 	 {Kathleen Fisher and Yitzhak Mandelbaum and David Walker},
  title = 	 {A Calculus for Describing Ad Hoc Data},
  note = 	 {Technical Report.},
  month = 	 jun,
  year = 	 {2005},
}

@Misc{newick,
  title = "Tree Formats. {Workshop} on Molecular Evolution.",
  howpublished="\url{workshop.molecularevolution.org/resources/fileformats/tree_formats.php}",
  key = "Newick"
}

@InProceedings{gpce02, 
       author="Godmar Back",
       title="{D}ata{S}cript: {A} Specification and Scripting 
              Language for Binary Data",
       booktitle = gpce,
       year="2002",
       pages="66-77",
       publisher = lncs,
       volume = "2487"}

@InProceedings{sigcomm00,
  author=         "Peter Mc{C}ann and Satish Chandra",
  title=          "Packet{T}ypes: {A}bstract specification of network protocol messages",
  booktitle=      sigcomm,
  month=          "August",
  year=           "2000",
  pages=          "321-333",
  publisher =     acmpress
}


@ARTICLE{hosoya+:xduce-journal,
  AUTHOR = {Haruo Hosoya and Benjamin C. Pierce},
  TITLE = {{XDuce}: A Statically Typed {XML} Processing Language},
  JOURNAL = {ACM Transactions on Internet Technology},
  YEAR = {2003},
  VOLUME = 3,
  NUMBER = 2,
  MONTH = MAY,
  PAGES = {117--148},
  CHECKED = {Yes},
  OFFICIAL = {http://doi.acm.org/10.1145/767193.767195},
  PLCLUB = {Yes},
  BCP = {Yes},
  KEYS = {xduce}
}

@Inproceedings{benzaken+:cduce,
  author = {V. Benzaken and G. Castagna and A. Frisch},
  title = {{CDuce}: An {XML}-Centric General-Purpose Language},
  booktitle = {{ACM SIGPLAN} {ICFP}},
  year = 	 {2003},
  month = aug, 
}

@INPROCEEDINGS{gapeyev+:XtaticRuntime,
  TITLE = {{XML} Goes Native: {R}un-time Representations for {Xtatic}},
  AUTHOR = {Vladimir Gapeyev and Michael Y. Levin
                  and Benjamin C. Pierce and Alan Schmitt},
  YEAR = 2005,
  MONTH = APR,
  BOOKTITLE = {14th International Conference on Compiler Construction},
  CONF = {http://www.cis.upenn.edu/~bcpierce/papers/xtatic-runtime-CC.pdf},
  TR = {http://www.cis.upenn.edu/~bcpierce/papers/xtatic-runtime-TR.pdf},
  PLCLUB = {Yes},
  BCP = {Yes},
  KEYS = {xtatic}
}

@INPROCEEDINGS{foster+:lenses-full,
  AUTHOR = {J. Nathan Foster and Michael B. Greenwald and Jonathan T. Moore 
                  and Benjamin C. Pierce and Alan Schmitt},
  TITLE = {Combinators for Bi-Directional Tree Transformations: 
                  {A} Linguistic Approach to the View Update Problem},
  BOOKTITLE = {{ACM} {SIGPLAN--SIGACT} {S}ymposium on {P}rinciples of {P}rogramming
                     {L}anguages ({POPL}), Long Beach, California},
  YEAR = {2005},
  CONF = {http://www.cis.upenn.edu/~bcpierce/papers/newlenses-popl.pdf},
  SLIDES = {http://www.cis.upenn.edu/~bcpierce/papers/newlenses-popl-slides.pdf},
  TR = {http://www.cis.upenn.edu/~bcpierce/papers/newlenses-full.pdf},
  NOTE = {Extended version available as University of Pennsylvania 
                  technical report MS-CIS-03-08.  Earlier version presented at 
                  the {\em Workshop on Programming Language Technologies for 
                  XML (PLAN-X)}, 2004},
  PLCLUB = {Yes},
  BCP = {Yes},
  KEYS = {harmony}
}

@INPROCEEDINGS{foster+:lenses,
  AUTHOR = {J. Nathan Foster and Michael B. Greenwald and Jonathan T. Moore 
                  and Benjamin C. Pierce and Alan Schmitt},
  TITLE = {Combinators for Bi-Directional Tree Transformations: 
                  {A} Linguistic Approach to the View Update Problem},
  BOOKTITLE = {{POPL}},
  YEAR = {2005},
  CONF = {http://www.cis.upenn.edu/~bcpierce/papers/newlenses-popl.pdf},
  SLIDES = {http://www.cis.upenn.edu/~bcpierce/papers/newlenses-popl-slides.pdf},
  TR = {http://www.cis.upenn.edu/~bcpierce/papers/newlenses-full.pdf},
  PLCLUB = {Yes},
  BCP = {Yes},
  KEYS = {harmony}
}

@misc{dfdl-primer,
title="{GGF} {DFDL} Primer", 
author="Mike Beckerle and Martin Westhead", 
howpublished="\url{http://www.ggf.org/Meetings/GGF11/Documents/DFDL_Primer_v2.pdf}",
note="Global Grid Forum",
year="2004",
month="May"
}

@misc{dfdl-proposal,
key="Data Format Description Language",
title="Data Format Description Language ({DFDL}) A {Proposal}, {Working Draft}, {Global} {Grid} {Forum}", 
year="2005",
month="Aug",
howpublished="\url{https://forge.gridforum.org/projects/dfdl-wg/document/DFDL_Proposal/en/2}",
note="Global Grid Forum"
}

@InProceedings{kdd98,
  author=         "Corinna Cortes and Daryl Pregibon",
  title=          "Giga Mining",
  booktitle=      "KDD",
  year=           "1998"
}

@InProceedings{kdd99,
       author="Corinna Cortes and Daryl Pregibon",
       title="Information Mining Platform: An
              infrastructure for {KDD} rapid deployment",
       booktitle= "KDD",
       year="1999"}


@InProceedings{kdd00, 
       author="Corinna Cortes and Kathleen Fisher and Daryl Pregibon and Anne Rogers and Frederick Smith",
       title= "Hancock: {A} Language for Extracting Signatures from Data Streams",
       Booktitle= "KDD",
       Year = "2000", 
       pages = "9-17"}

@article{hancock-toplas,
 author = {Corinna Cortes and Kathleen Fisher and Daryl Pregibon and Anne Rogers and Frederick Smith},
 title = {Hancock: A language for analyzing transactional data streams},
 journal = {ACM Trans. Program. Lang. Syst.},
 volume = {26},
 number = {2},
 year = {2004},
 issn = {0164-0925},
 pages = {301--338},
 doi = {\url{doi.acm.org/10.1145/973097.973100}},
 publisher = acmpress,
 }



@InProceedings{fisher+:pads,
  author = 	 {Kathleen Fisher and Robert Gruber},
  title = 	 {{PADS}: {A} domain specific language for processing ad hoc data},
  booktitle = 	 {PLDI},
  pages = 	 {295-304},
  year = 	 2005,
  publisher =   acmpress
}



@Misc{netflow,
  title="Cisco NetFlow.",
  howpublished="\url{www.cisco.com/warp/public/732/Tech/nmp/netflow/index.shtml}",
}

@InProceedings{gigascope, 
       author="Chuck Cranor and Yuan Gao and Theodore Johnson and Vlaidslav Shkapenyuk and Oliver Spatscheck",
       title="Gigascope: {H}igh Performance Network Monitoring with an {SQL} Interface",
       booktitle="SIGMOD",
       year="2002",
       publisher = acmpress}


@InProceedings{ast,
  author="Glenn Fowler and David Korn and Stephen North and Phong Vo",
  title="The {AT\&T} {AST} opensource software collection",
  booktitle="Proceedings of the {FREENIX} Track 2000 {U}senix Annual Technical Conference",
  pages ="187-195",
  year ="2000"
}

@Book{wpp,
  author="Balachander Krishnamurthy and Jennifer Rexford",
  title="Web Protocols and Practice",
  publisher="Addison Wesley", 
  year="2001"}
  
@InProceedings{clf-cluster, 
       author="Balachander Krishnamurthy and Jia Wang",
       title="On Network-aware clustering of web clients",
       booktitle="Proceedings of SIGCOMM 2000",
       year="2000",
       publisher = acmpress}

@InProceedings{clf-adaptation, 
       author="Balachander Krishnamurthy and Craig Wills",
       title="Improving web experience by client characterization driven server adaptation",
       booktitle="Proceedings of WWW 2002",
       year="2002",
       publisher = "ACM"}


@Book{xquery,
  editor="Howard Katz",
  title="X{Q}uery from the experts",
  publisher="Addison Wesley", 
  year="2004"}
  
@Misc{dfdl,
  key = {DFDL},
  title="{DFDL} Project",
  howpublished="\url{forge.gridforum.org/projects/dfdl-wg}",
}

@Misc{galaxmanual,
  key="Galax User Manual",
  title="{G}alax User Manual",
  howpublished="\url{www.galaxquery.org/doc.html#manual}",
}

@misc{boag03XQueryDraft,
    title  = {{XQuery 1.0 An XML Query Language, W3C Working Draft}},
    author = "Scott Boag and Don Chamberlin and Mary F. Fern\'andez and
Daniela Florescu and Jonathan Robie and J\'er\^ome Sim\'eon",
    year   = "2004",
    month = "Aug",
    note = "\url{www.w3.org/TR/xquery}" }


@Misc{padsmanual,
  title="{PADS} User Manual",
  howpublished="\url{www.research.att.com/projects/pads/index.html}",
  note="To appear."
}

@Misc{erlang-bit-syntax,
  title="Proposals for and Experiments with an {E}rlang Bit Syntax",
  howpublished="\url{lambda.weblogs.com/discuss/msgReader\$5185}",
}

@Misc{http,
  title="Hypertext Transfer Protocol -- {HTTP}/1.1",
  howpublished="\url{www.w3.org/Protocols/rfc2616/rfc2616.html}",
}

@Misc{unicode,
  title="Unicode Home Page",
  howpublished="\url{www.unicode.org/}",
}

@Unpublished{ckit,
  author=         "Satish Chandra and 
                   Nevin Heintze and David Mac{Q}ueen and 
                   Dino Oliva and Michael Siff",
  title=          "{C}-frontend library for {SML/NJ}",
  note=           "See 
\url{cm.bell-labs.com/cm/cs/what/smlnj.}",
  year=           1999
}

@InProceedings{sfio,
  author =        "David G.~  Korn and Kiem-Phong Vo",
  title =         "{SFIO}: {S}afe/Fast String/File {IO}",
  booktitle =     "Proc. of the Summer '91 Usenix Conference",
  publisher=      "USENIX",
  pages =         "235-256",
  year =          1991
}

@InProceedings{histograms,
  author =        "Sudipto Guha and Piotr Indyk and S. Muthukrishnan and Martin Strauss",
  title =         "Histogramming Data Streams with Fast Per-Item Processing",
  booktitle =     "ICALP",
  pages =         "681-692",
  year =          "2002"
}

@InProceedings{histograms-wavelets,
	author = "Anna C. Gilbert and Sudipto Guha and Piotr Indyk and Yannis Kotidis and S. Muthukrishnan and Martin Strauss",
	title="Fast, small-space algorithms for approximate histogram maintenance",
	booktitle="STOC",
	year="2002",
	pages="389-398"
	}
	
@InProceedings{quantiles,
	author = "Anna C. Gilbert and Yannis Kotidis and S. Muthukrishnan and Martin Strauss",
	title="How to Summarize the Universe: Dynamic Maintenance of Quantiles",
	booktitle="VLDB",
	year="2002",
	pages="454465"
	}
      
@InProceedings{erlang-bits,
  author = 	 {Claes Wikstr\"{o}m and Tony Rogvall},
  title = 	 {Protocol programming in {Erlang} using binaries.},
  booktitle = 	 euc5,
  year = 	 {1999},
  month = 	 oct,
}

@Misc{eger:blt,
  author = 	 {David Eger},
  title = 	 {Bit Level Types},
  howpublished="\url{www-2.cs.cmu.edu/~eger/}"
}

@Book{harper:plbook,
  author = 	 {Robert Harper},
  title = 	 {Programming Languages: Theory and Practice.},
  publisher = 	 {Unpublished},
  year = 	 {2005},
  note = 	 {\url{www-2.cs.cmu.edu/~rwh/}},
}

@Article{antlr,
  author = 	 {T. J. Parr and R. W. Quong},
  title = 	 {{ANTLR}: A Predicated- {\it {LL}(k)} Parser Generator.},
  journal = 	 spe,
  volume = 	 {25},
  number = 	 {7},
  pages = 	 {789-810},
  year = 	 {1995},
  month = 	 jul,
}


@InProceedings{ford:packrat,
  author =        {Bryan Ford},
  title =         {Packrat parsing: {S}imple, powerful, lazy, linear time.},
  booktitle =     icfp,
  year =          2002,
  pages =         {36-47},
  month = oct,
  publisher = acmpress,
}


@InProceedings{ford:pegs,
  author =        {Bryan Ford},
  title =         {Parsing expression grammars: {A} recognition-based syntactic foundation.},
  booktitle =     popl,
  pages =         {111-122},
  year =          2004,
  month = jan,
  publisher = acmpress,
}

@TechReport{grimm:packrat,
  author = 	 {Robert Grimm},
  title = 	 {Practical Packrat Parsing},
  institution =  {New York University},
  year = 	 {2004},
  number = 	 {TR2004-854},
  month = 	 mar,
}

@Article{birman+:parsing,
  author = 	 {Alexander Birman and Jeffrey D. Ullman},
  title = 	 {Parsing algorithms with backtrack},
  journal = 	 {Information and Control},
  year = 	 {1973},
  volume = 	 {23},
  number = 	 {1},
  month = 	 aug,
}

@Book{burge:parser-combinators,
  author = 	 {William Burge},
  title = 	 {Recursive Programming Techniques},
  publisher = 	 {Addison Wesley},
  year = 	 {1975}
}

@Article{hutton+:parser-combinators,
  author = 	 {G.~Hutton and E.~Meijer},
  title = 	 {Monadic Parsing in {Haskell}},
  journal = 	 jfp,
  publisher =    {Cambridge University Press},
  volume =       8,
  number =       4,
  month =        jul,
  year = 	 {1998},
  pages = "437--444"
}



@InProceedings{sfio,
  author =        "David G.~  Korn and Kiem-Phong Vo",
  title =         "{SFIO}: {S}afe/Fast String/File {IO}",
  booktitle =     "Proc. of the Summer '91 Usenix Conference",
  publisher=      "USENIX",
  pages =         {235-256},
  year =          1991
}

@InProceedings{gustafsson+:binaries,
  author = 	 {Per Gustafsson and Konstantinos Sagonas},
  title = 	 {Adaptive Pattern Matching on Binary Data.},
  booktitle = 	 esop,
  year = 	 2004,
  pages =        {124-139},
  publisher =    springer,
  month = 	 mar,
}

@Article{landin:700,
  author = 	 {P. J. Landin},
  title = 	 {The next 700 programming languages},
  journal = 	 cacm,
  year = 	 {1966},
  volume = 	 {9},
  number = 	 {3},
  pages = 	 {157 - 166},
  month = 	 mar,
}

@InProceedings{brabrand+:xsugar2005,
  author =       {Claus Brabrand and Anders M\o{}ller and Michael I. Schwartzbach},
  title =        {Dual Syntax for {XML} Languages},
  booktitle =    dbpl10,
  volume =       {3774},
  year =         {2005},
  month =        {August},
  series =       lncs,
  publisher =    springerver,
  pages =        {27--41},
}



@InProceedings{jia+:ilc,
  author = 	 {Limin Jia and David Walker},
  title = 	 {{ILC}:  A Foundation for Automated Reasoning about Pointer Programs},
  booktitle = 	 {European Symposium on Programming},
  year = 	 2006,
  month = 	 apr,
  note = 	 {To appear.},
}

@Article{LPJ03,
  author    = "Ralf L{\"a}mmel and Simon {Peyton Jones}",
  title     = "Scrap your boilerplate:
               a practical design pattern for generic programming",
  journal   = "ACM SIG{\-}PLAN Notices",
  publisher = "ACM Press",
  volume    = "38",
  number    = "3",
  pages     = "26--37",
  month     = mar,
  year      = "2003",
  note      = "Proceedings of the ACM SIGPLAN Workshop
               on Types in Language Design and Implementation (TLDI~2003)"
}

@inproceedings{syb2,
 author    = {Ralf L{\"a}mmel and Simon {Peyton Jones}},
 title     = "{Scrap more boilerplate:
               reflection, zips, and generalised casts}",
 booktitle = "{Proceedings of the ACM SIGPLAN International Conference
               on Functional Programming (ICFP 2004)}",
 year      = {2004},
 pages     = {244--255},
 location  = {Snow Bird, UT, USA},
 publisher = {ACM Press},
}

@inproceedings{SYB3,
 author = "Ralf L{\"a}mmel and Simon {Peyton Jones}",
 title = "{Scrap your boilerplate with class: extensible generic functions}",
 booktitle = "{Proceedings of the ACM SIGPLAN International Conference
               on Functional Programming (ICFP 2005)}",
 year      = {2005},
 pages     = {204--215},
 location  = {Tallinn, Estonia},
 publisher = {ACM Press},
 month = sep,
}

@Article{crary+:intensional-types,
  author = 	 {Karl Crary and Stephanie Weirich and Greg Morrisett},
  title = 	 {Intensional Polymorphism in Type Erasure Semantics},
  journal = 	 {Journal of Functional Programming},
  year = 	 {2002},
  volume = 	 {12},
  number = 	 {6},
  pages = 	 {567-600},
  month = 	 {nov},
}

@InProceedings{foster+:lens,
  author = 	 {J. Nathan Foster and Michael B. Greenwald and Christian Kirkegaard and Benjamin C. Pierce and Alan Schmitt},
  title = 	 {Combinators for Bi-Directional Tree Transformations: A Linguistic Approach to the View Update Problem},
  booktitle = 	 {{ACM SIGPLAN-SIGACT} Symposium on Principles of Programming Languages},
  year = 	 2005,
  month = 	 jan,
}

@inproceedings{chilimbi,
 author = {Trishul M. Chilimbi},
 title = {Efficient representations and abstractions for quantifying and exploiting data reference locality},
 booktitle = {Proceedings of the ACM SIGPLAN 2001 conference on Programming language design and implementation},
 year = {2001},
 isbn = {1-58113-414-2},
 pages = {191--202},
 location = {Snowbird, Utah, United States},
 doi = {http://doi.acm.org/10.1145/378795.378840},
 publisher = {ACM Press},
 }



@Misc{netflow,
  title="Cisco NetFlow.",
  howpublished="\url{http://www.cisco.com/warp/public/732/Tech/nmp/netflow/index.shtml}",
}

@InProceedings{ast,
  author="Glenn Fowler and David Korn and Stephen North and Phong Vo",
  title="The {AT\&T} {AST} opensource software collection",
  booktitle="Proceedings of the {FREENIX} Track 2000 {U}senix Annual Technical Conference",
  pages ="187-195",
  year ="2000"
}
  
@InProceedings{clf-cluster, 
       author="Balachander Krishnamurthy and Jia Wang",
       title="On Network-aware clustering of web clients",
       booktitle="Proceedings of SIGCOMM 2000",
       year="2000",
       publisher = "ACM"}

@InProceedings{clf-adaptation, 
       author="Balachander Krishnamurthy and Craig Wills",
       title="Improving web experience by client characterization driven server adaptation",
       booktitle="Proceedings of WWW 2002",
       year="2002",
       publisher = "ACM"}


@Book{xquery,
  editor="Howard Katz",
  title="X{Q}uery from the experts",
  publisher="Addison Wesley", 
  year="2004"}

@misc{boag03XQueryDraft,
    title  = {{XQuery 1.0 An XML Query Language, W3C Working Draft}},
    author = "Scott Boag and Don Chamberlin and Mary F. Fern\'andez and
Daniela Florescu and Jonathan Robie and J\'er\^ome Sim\'eon",
    year   = "2004",
    month = "Aug",
    note = "\url{http://www.w3.org/TR/xquery}" }


@Misc{padsmanual,
  title="{PADS} User Manual",
  howpublished="\url{http://www.research.att.com/projects/pads/index.html}",
  note="To appear."
}

@Misc{erlang-bit-syntax,
  title="Proposals for and Experiments with an {E}rlang Bit Syntax",
  howpublished="http://lambda.weblogs.com/discuss/msgReader\$5185",
}

@Misc{http,
  title="Hypertext Transfer Protocol -- {HTTP}/1.1",
  howpublished="\url{http://www.w3.org/Protocols/rfc2616/rfc2616.html}",
}

@Misc{unicode,
  title="Unicode Home Page",
  howpublished="\url{http://www.unicode.org/}",
}

@Unpublished{ckit,
  author=         "Satish Chandra and 
                   Nevin Heintze and David Mac{Q}ueen and 
                   Dino Oliva and Michael Siff",
  title=          "{C}-frontend library for {SML/NJ}",
  note=           "See 
\url{cm.bell-labs.com/cm/cs/what/smlnj.}",
  year=           1999
}

@InProceedings{sfio,
  author =        "David G.~  Korn and Kiem-Phong Vo",
  title =         "{SFIO}: {S}afe/Fast String/File {IO}",
  booktitle =     "Proc. of the Summer '91 Usenix Conference",
  publisher=      "USENIX",
  pages =         "235-256",
  year =          1991
}

@InProceedings{korn+:data-format,
  author =        "David G.~  Korn and Kiem-Phong Vo",
  title =         "Engineering a Differencing and Compression Data Format",
  booktitle =     "Proc. of the 2002 Usenix Conference",
  publisher=      "USENIX",
  pages =         "235-256",
  year =          2002
}

@article{korn+:delta,
  author =        "James J. Hunt and David G.~  Korn and Kiem-Phong Vo",
  title =         "Delta Algorithms: An Empirical Analysis",
  journal =     "{ACM} Transactions on Software Engineering and Methodology",
  volume=     7,
  pages =         "192-214",
  year =          1998
}

@InProceedings{histograms,
  author =        "Sudipto Guha and Piotr Indyk and S. Muthukrishnan and Martin Strauss",
  title =         "Histogramming Data Streams with Fast Per-Item Processing",
  booktitle =     "ICALP",
  pages =         "681-692",
  year =          "2002"
}

@InProceedings{histograms-wavelets,
	author = "Anna C. Gilbert and Sudipto Guha and Piotr Indyk and Yannis Kotidis and S. Muthukrishnan and Martin Strauss",
	title="Fast, small-space algorithms for approximate histogram maintenance",
	booktitle="STOC",
	year="2002",
	pages="389-398"
	}
	
@InProceedings{quantiles,
	author = "Anna C. Gilbert and Yannis Kotidis and S. Muthukrishnan and Martin Strauss",
	title="How to Summarize the Universe: Dynamic Maintenance of Quantiles",
	booktitle="VLDB",
	year="2002",
	pages="454465"
	}
	
@Article{bind,
  author = 	 {G. D. Bader and D. Betel and C. W. Hogue},
  title = 	 {{BIND}: the Biomolecular Interaction Network Database},
  journal = 	 {Nucleic Acids Res.},
  year = 	 {2003},
  volume = 	 {31},
  number = 	 {1},
  pages = 	 {248--250},
}

@Misc{genericbiodata,
  title = 	 {Generic Model Organism Database Construction Set},
  howpublished = {http://www.gmod.org/},
}



@Article{grid,
  author = 	 {B. J. Breitkreutz and C. Stark and M. Tyers},
  title = 	 {The GRID: the General Repository for Interaction Datasets},
  journal = 	 {Genome Biology},
  year = 	 {2003},
  volume = 	 {4},
  number = 	 {3},
}

%%% Dave

%% Dave's bib stuff:

@InProceedings{mandelbaum+:padsml,
  author = 	 {Yitzhak Mandelbaum and Kathleen Fisher and  David Walker and Mary Fernandez and Artem Gleyzer},
  title = 	 {{PADS/ML}: A Functional Data Description Language},
  booktitle = 	 {{ACM SIGPLAN-SIGACT} Symposium on Principles of Programming Languages},
  year = 	 {2007},
  month = 	 jan,
}

@InProceedings{fisher+:700,
  author = 	 {Kathleen Fisher and Yitzhak Mandelbaum and David Walker},
  title = 	 {The Next 700 Data Description Languages},
  booktitle = 	 {{ACM SIGPLAN-SIGACT} Symposium on Principles of Programming Languages},
  year = 	 {2006},
  month = 	 jan,
}

@InProceedings{dantas+:harmless-popl,
  author = 	 {Daniel S. Dantas and David Walker},
  title = 	 {Harmless Advice},
  booktitle = 	 {{ACM SIGPLAN-SIGACT} Symposium on Principles of Programming Languages},
  year = 	 {2006},
  month = 	 jan,
}

@Misc{comon,
  key = 	 {CoMon},
  author = 	 {KyoungSoo Park and Vivek Pai},
  title = 	 {{CoMon}: A Mostly-Scalable Monitoring System for PlanetLab},
  howpublished = {\url{http://comon.cs.princeton.edu}},
}

@InProceedings{bauer+:non-interfering-monitors,
  author = 	 {Lujo Bauer and Jarred Ligatti and David Walker},
  title = 	 {Types and Effects for Non-interfering program monitors},
  booktitle = 	 {International Symposium on Software Security},
  year = 	 {2002},
  month = 	 nov,
  address =      {Tokyo, Japan},
}

@Article{ligatti+:edit-automata,
  author = 	 {Jarred Ligatti and Lujo Bauer and  David Walker},
  title = 	 {Edit Automata: enforcement mechanisms for Run-time Security Policies},
  journal = 	 {International journal of information security},
  year = 	 {2004},
}

@inproceedings{morrisett+:tal-popl,
  author = "Greg Morrisett and David Walker and Karl Crary and Neal Glew",
  title = "From {S}ystem {F} to {T}yped {A}ssembly {L}anguage",
  booktitle = POPL98,
  month = jan,
  year = 1998,
  address = "San Diego",
  pages = "85--97"
}

@inproceedings{crary+:capabilities,
  author = "Karl Crary and David Walker and Greg Morrisett",
  title = "Typed Memory Management in a Calculus of Capabilities",
  booktitle = POPL99,
  year = 1999,
  month = jan,
  address = "San Antonio",
  pages = "262--275"
}

@inproceedings{smith+:alias-types,
title="Alias Types",
author = "Frederick Smith and David Walker and Greg Morrisett",
booktitle = "In \emph{Proceedings of the 9th European Symposium on
             Programming Languages and Systems}",
year=2000,
month = mar,
address = "Berlin",
pages = "366-381"
}

@inproceedings{walker+:alias-recursive,
  author = "David Walker and Greg Morrisett",
  title = "Alias Types for Recursive Data Structures",
  booktitle = "Workshop on Types in Compilation",
  year = 2000,
  month = sep,
  address = "Montreal",
}

@phdthesis{walker:thesis,  
  title = "Typed Memory Management",
  author = "David Walker",
  school = "Cornell University",
  year = 2001,
  month = jan
}

@Inproceedings{mandelbaum+:refinements,
  author = 	 {Yitzhak Mandelbaum and David Walker and Robert Harper},
  title = 	 {An Effective Theory of Type Refinements},
  booktitle = {{ACM SIGPLAN} International Conference on Functional Programming},
  year = 	 {2003},
  month = aug, 
}


@InBook{walker:attapl,
  author = 	 {David Walker},
  title = 	 {Substructural type systems},
  booktitle =    {Advanced topics in types and programming languages},
  chapter = 	 {1},
  publisher = 	 {MIT Press},
  year = 	 {2005},
  month =        jan,
  note = 	 {In \emph{Advanced topics in types and programming languages}, Benjamin Pierce, ed.},
}

@article{morrisett+:tal,
  author = "Greg Morrisett and David Walker and Karl Crary and Neal Glew",
  title = "From {S}ystem {F} to {T}yped {A}ssembly {L}anguage",
  journal = "{ACM} Transactions on Programming Languages and Systems",
  month = may,
  volume = 3,
  number = 21,
  year = 1999,
  pages = "528-569",
}

@article{walker+:capabilities,
  author = "David Walker and Karl Crary and Greg Morrisett",
  title = "Typed Memory Management in a Calculus of Capabilities",
  journal = "{ACM} Transactions on Programming Languages and Systems",
  year = 2000,
  month = may,
  volume = 22,
  number =4,
  pages = "701--771"
}


@InProceedings{ahmed+:stack,
  author = 	 {Amal Ahmed and David Walker},
  title = 	 {The Logical Approach to Stack Typing},
  booktitle = 	 {{ACM SIGPLAN} Workshop on Types in Language Design and Implementation},
  year = 	 {2003},
  month = 	 jan,
  address = "New Orleans",
}


@InProceedings{ahmed+:hierarchical-storage,
  author = 	 {Amal Ahmed and Limin Jia and David Walker},
  title = 	 {Reasoning about Hierarchical Storage},
  booktitle = 	 {{IEEE} Symposium on Logic in Computer Science},
  year = 	 {2003},
  month = 	 jun,
  address = "Ottawa, Canada",
  pages = "33--44"
}

@article{morrisett+:journal-stal,
  author = "Greg Morrisett and Karl Crary and Neal Glew and David Walker",
  title = "Stack-Based {T}yped {A}ssembly {L}anguage",
  journal = "Journal of Functional Programming",
  year = 2002,
  month = jan,
  volume = 12,
  number =1,
  pages = "43--88"
} 

@inproceedings{tofte+:regions,
  title="Implementation of the Typed Call-By-Value $\lambda$-Calculus using a Stack of Regions",
  author="Mads Tofte and Jean-Pierre Talpin",
  booktitle=twentyfirst # popl,
  year=1994,
  month=jan,
  pages="188--201",
  address="Portland, Oregon"
}

@inproceedings{walker:security,
  title = "A Type System for Expressive Security Policies",
  author = "David Walker",
  booktitle = POPL00,
  year = 2000,
  month= jan,
  address= "Boston",
  pages = "254--267"
} 

@ARTICLE{lieberherr+:aspectual-collaborations,
AUTHOR = "Karl J. Lieberherr and David Lorenz and Johan Ovlinger",
TITLE = "Aspectual Collaborations -- Combining Modules and Aspects",
JOURNAL = "The Computer Journal" ,
YEAR = "2003",
MONTH        = "September",
VOLUME = 46,
NUMBER = 5,
PAGES = "542-565",
PUBLISHER = "Oxford University Press",
}

@InProceedings{masuhara+:compilation-semantics-aspects,
  author = 	 {Hidehiko Masuhara and Gregor Kiczales and Chris Dutchyn},
  title = 	 {Compilation Semantics of Aspect-Oriented Programs},
  booktitle = {Foundations of Aspect-Oriented Languages Workshop},
  pages = 	 {17--25},
  year = 	 {2002},
  month =        apr,
  editor = 	 {Gary T. Leavens and Ron Cytron},
}


@InProceedings{walker+:aspects,
  author = 	 {David Walker and Steve Zdancewic and Jay Ligatti},
  title = 	 {A Theory of Aspects},
  booktitle =    {{ACM SIGPLAN} International Conference on Functional Programming Languages},
  year = 	 2003,
  address = 	 {Uppsala, Sweden},
  month = 	 aug,
}


@InProceedings{douence+:composition,
  author = 	 {Remi Douence and Olivier Motelet and Mario S\"{u}dholt},
  title = 	 {Composition, reuse and interaction analysis of stateful aspects},
  booktitle = {Conference on Aspect-Oriented Software Development},
  pages = 	 {141--150},
  year = 	 2004,
  month = 	 mar,
}


@InProceedings{douence+:aspects,
  author = 	 {Remi Douence and Olivier Motelet and Mario S\"{u}dholt},
  title = 	 {A formal definition of crosscuts},
  booktitle = {Third International Conference on Metalevel architectures and separation of crosscutting concerns},
  pages = 	 "170--186",
  year = 	 2001,
  volume = 	 {2192},
  series = 	 lncs,
  address = 	 {Berlin},
  month = 	 sep,
  publisher = springer,
}


@inproceedings{erlingsson+:irm,
 author = "{\'{U}lfar} Erlingsson and Fred B. Schneider",
 title = "{IRM} Enforcement of {J}ava Stack Inspection",
 booktitle = "{IEEE} Symposium on Security and Privacy",
 address = "Oakland, California",
 month = may,
 year = 2000,
 pages = "246--255",
}


@InProceedings{jagadeesen+:untyped-aspects,
  author = 	 {Radha Jagadeesan  and Alan Jeffrey and James Riely},
  title = 	 {A Calculus of Untyped Aspect-Oriented Programs},
  booktitle = {European Conference on Object-Oriented Programming},
  year = 	 {2003},
  address = 	 {Darmstadt, Germany},
  month = 	 jul,
}


@InProceedings{clifton+:assistants-observers,
  author = 	 {C. Clifton and G. T. Leavens},
  title = 	 {Assistants and Observers:  A Proposal for Modular Aspect-Oriented Reasoning}, 
  booktitle = {Foundations of Aspect Languages},
  year = 	 2002,
  month = 	 apr,
}


@inproceedings{evans+:naccio,
  author = "David Evans and Andrew Twyman",
  title = "Flexible Policy-Directed Code Safety",
  booktitle = "{IEEE} Security and Privacy",
  address = "Oakland, CA", 
  month = may,
  year = 1999  
}


@Article{myers+:overview,
  author = 	 {Andrei Sabelfeld and Andrew C. Myers},
  title = 	 {Language-Based Information-Flow Security},
  journal = 	 {{IEEE} Journal on Selected Areas in Communications},
  year = 	 {2003},
  volume = 	 {21},
  number = 	 {1},
  pages = 	 {5--19},
  month = 	 jan,
}

@InProceedings{wand+:aspect-semantics,
  author =    {Mitchell Wand and Gregor Kiczales and Christopher Dutchyn},
  title =     {A Semantics for Advice and Dynamic Join Points in Aspect-Oriented Programming},
  booktitle = {Foundations of Aspect-Oriented Languages Workshop},
  pages = 	 {17--25},
  year = 	 {2002},
  month =        apr,
  editor = 	 {Gary T. Leavens and Ron Cytron},
  note = "Iowa State University University technical report 02-06",
}

@InProceedings{dantas+:harmless-advice,
  author = 	 {Daniel S. Dantas and David Walker},
  title = 	 {Harmless Advice},
  booktitle = 	 {Workshop on Foundations of Object-oriented Languages},
  year = 	 2005,
  month = 	 jan,
}




@Misc{summerschool04,
  title = 	 {{NSF}-sponsored Summer School On Software Security: Theory to Practice},
  key =   	 {{NSF}-sponsored Summer School On Software Security: Theory to Practice},
  month = 	 jun,
  year = 	 {2004},
  address = {University of Oregon, Eugene, OR}
}


@Misc{summerschool05,
  title = 	 {{NSF}-sponsored Summer School On Reliable Computing},
  key =   	 {{NSF}-sponsored Summer School On Reliable Computing},
  month = 	 jul,
  year = 	 {2005},
  address = {University of Oregon, Eugene, OR}
}

@InProceedings{ligatti+:renewal,
  author = 	 {Jarred Ligatti and Lujo Bauer and David Walker},
  title = 	 {Enforcing Non-Safety Security Policies with Program Monitors},
  booktitle = 	 {Tenth European Symposium on Research in Computer Security},
  year = 	 2005,
  month = 	 sep,
}

@InProceedings{bauer+:polymer,
  author = 	 {Lujo Bauer and Jarred Ligatti and David Walker},
  title = 	 {Composing Security Policies with Polymer},
  booktitle = 	 {Proceedings of the {ACM SIGPLAN} 2005 Conference on Programming language design and implementation},
  pages = {305-314},
  year = 	 {2005},
  month = 	 jun,
}



@InProceedings{jia+:stack,
  author = 	 {Limin Jia and Frances Spalding and David Walker and Neal Glew},
  title = 	 {Certifying Compilation for a Language with Stack Allocation},
  booktitle = 	 {{IEEE} Symposium on Logic in Computer Science},
  pages = 	 {407-416},
  year = 	 2005,
  month = 	 jun,
}


@Misc{ethereal,
  key = 	 {Ethereal},
  title = 	 {Ethereal},
  howpublished = {\url{www.ethereal.com}},
}

@Misc{etherealvulnerabilities,
  key = 	 {Ethereal},
  title = 	 {Multiple (13) Ethereal remote overflows},
  howpublished = {\url{http://security.e-matters.de/advisories/032004.html}},
}

