@inproceedings{ ari2003,
  author =  "Ismail Ari and Bo Hong and Ethan L. Miller and Scott Brandt and Darrell D. E. Long",
  title  =  "Managing Flash Crowds on the Internet",
  booktitle = "Proceedings of the 11th {IEEE}/{ACM} International Symposium on Modeling, Analysis, and Simulation of Computer and Telecommunication Systems ({MASCOTS})",
  year = "2003" }

@inproceedings{ stading2002,
  author = "Tyron Stading and Petros Maniatis and Mary Baker",
  title = "Peer-to-Peer Caching Schemes to Address Flash Crowds",
  booktitle = "1st International Peer To Peer Systems Workshop ({IPTPS} 2002)",
  month = mar,
  year = 2002,
  address = "Cambridge, MA, USA",
  url = "citeseer.nj.nec.com/stading02peertopeer.html" }

@techreport{ chen02flash,
  author={Xuan Chen and John Heidemann},
  title={{Flash Crowd Mitigation via Adaptive Admission Control based on Application-level Observations}},
  institution={USC/Information Science Institute},
  year={2002},
  number={ISI-TR-557},
  month={May},
  url = {citeseer.nj.nec.com/516309.html} }

@misc{ rubenstein01analysis,
  author = "Dan Rubenstein and Sambit Sahu",
  title = "An Analysis of a Simple {P2P} Protocol for Flash Crowd Document Retrieval",
  text = "D. Rubenstein and S. Sahu. An Analysis of a Simple P2P Protocol for Flash
    Crowd Document Retrieval. Technical report, Columbia University, November
    2001.",
  year = "2001",
  url = "citeseer.nj.nec.com/rubenstein01analysis.html" }

@inproceedings{ jung02flash,
  author = "J. Jung and B. Krishnamurthy and M. Rabinovich",
  title = "Flash crowds and denial of service attacks: Characterization and implications
    for {CDN}s and web sites",
  booktitle = "Proceedings of the International World Wide Web Conference", 
  publisher = "{IEEE}",
  month = "May",
  year = "2002",
  url = "citeseer.nj.nec.com/article/jung02flash.html" }

@inproceedings{ stavrou2002,
  author = "Angelos Stavrou and Dan Rubenstein and Sambit Sahu",
  title = "A Lightweight, Robust P2P System to Handle Flash Crowds",
  booktitle = "Proceedings of the 10th International Conference on Network Protocols (ICNP 2002)", 
  publisher = "{IEEE}", 
  year = "2002",
  url = "citeseer.nj.nec.com/stavrou02lightweight.html" }

@misc{ akamai,
  author = "{A}kamai {T}echnologies {I}nc.",
  key = "Akamai",
  year = "1999",
  note = "\\ \url{http://www.akamai.com/}"}

@misc{ cachelogic,
  author = "{CacheLogic}",
  key = "CacheLogic",
  year = "2004",
  note = "\\ \url{http://www.cachelogic.com/news/pr040715.php}"
}

@misc{ mirrorimage,
  author = "{M}irror {I}mage {I}nc.",
  key = "Akamai",
  year = "1997",
  note = "\\ \url{http://www.mirror-image.com/}" }

@misc{ planetlab,
  author = "{P}lanet{L}ab",
  title = "An Open Testbed for Developing, Deploying and Accessing Planetary-Scale Services",
  month = "September",
  year = "2002",
  url = "http://www.planet-lab.org"
}

@misc{ bittorrent,
	Author = {Bram Cohen},
	Title = {BitTorrent},
	note = {\\ \url{http://bitconjurer.org/BitTorrent}},
	Year = {2003} }

@inproceedings{ loci,
    author = "Micah Beck and Dorian Arnold and Alessandro Bassi and Fran Berman and Henri Casanova and Jack Dongarra and Terry Moore and Graziano Obertelli and James Plank and Martin Swany and Sathish Vadhiyar and Rich Wolski",
    title = "Logistical Computing and Internetworking: Middleware for the Use of Storage in Communication",
    booktitle = "3rd Annual International Workshop on Active Middleware Services ({AMS})",
    address = "San Francisco",
    month = "August",
    year = "2001",
    url = "citeseer.nj.nec.com/beck01logistical.html" }

@inproceedings{bullet,
 author = {Dejan Kosti{\' c} and Adolfo Rodriguez and Jeannie Albrecht and Amin Vahdat},
 title = {Bullet: high bandwidth data dissemination using an overlay mesh},
 booktitle = {Proceedings of the 19th ACM SOSP},
 year = {2003},
 isbn = {1-58113-757-5},
 location = {Bolton Landing, NY, USA},
 doi = {http://doi.acm.org/10.1145/945445.945473},
 }

@inproceedings{ splitstream,
  author = "M. Castro and P. Drushcel and A. Kermarrec and A. Nandi and A. Rowstron and A. Singh",
  title = "{SplitStream}: High-bandwidth content distribution in a cooperative environment",
  booktitle = "Proceedings of SOSP'03",
  month = "Oct",
  year = "2003",
  url = "citeseer.nj.nec.com/castro03splitstream.html" }

@inproceedings{ fastreplica,
  author = "L. Cherkasova and J. Lee",
  title = "{FastReplica}: Efficient Large File Distribution within Content Delivery Networks",
  booktitle = "Proceedings of the 4th USITS",
  address = "Seattle, WA",
  month = "March",
  year = "2003",
  url = "www.hpl.hp.com/personal/Lucy_Cherkasova/papers/usits-fr.ps" }

@misc{ rfc2616,
  author = "R. Fielding and J. Gettys and J. Mogul and H. Frystyk and L. Masinter and P. Leach and T. Berners-Lee",
  title = "Hypertext Transfer Protocol -- {HTTP}\slash 1.1",
  howpublished = "RFC 2616",
  month = "June",
  year = "1999",
  url = "citeseer.nj.nec.com/fielding97hypertext.html" }

@unpublished{RousskovWeaver2001,
   author = {A. Rousskov and M. Weaver and D. Wessels},
   month = dec,
   note = {Raw data and independent analysis at http://www.measurement-factory.com/results/},
   title = {The Fourth Cache-off},
   year = {2001}
}

@inproceedings{PaiUsitsAPI,
    author = "Vivek Pai and Alan Cox and Vijay Pai and Willy Zwaenepoel",
    title = "A Flexible and Efficient application programming interface for a customizable proxy cache",
    booktitle = "Proceedings of the 4th USITS",
    address = "Seattle, WA",
    month = "March",
    year = "2003"}

@inproceedings{PaiDark,
    author = "Vivek S. Pai and Limin Wang and KyoungSoo Park and Ruoming Pang and and Larry Peterson",
    title = "The Dark Side of the Web: An Open Proxy's View",
    booktitle = "Proceedings of the Second Workshop on Hot Topics in Networking (HotNets-II)",
    address = "Cambridge, MA",
    month = "Nov",
    year = "2003"}

@inproceedings{codeen04,
   author = "Limin Wang and KyoungSoo Park and Ruoming Pang and Vivek Pai and Larry Peterson",
   title  = "Reliability and Security in the {CoDeeN} Content Distribution Network",
   booktitle = "Proceedings of the {USENIX} Annual Technical Conference",
   year = "2004",
}

@inproceedings{chu00esm,
    author = "YangHua Chu and Sanjay G. Rao and Srinivasan Seshan and Hui Zhang",
    title = "A Case for End System Multicast",
    booktitle = "IEEE Journal on Selected Areas in Communication (JSAC), Special Issue on Networking Support for Multicast",
    year = "2002"}

@inproceedings{coral,
    author = "Michael J. Freedman and Eric Freudenthal and David Mazieres",
    title = "Democratizing Content Publication with Coral",
    booktitle = "Proceedings of the 1st USENIX/ACM Symposium on Networked Systems Design and Implementation(NSDI'04)",
    year = "2004"}

@InProceedings{WWW8::karg99a,
  author =       "David Karger and Alex Sherman and Andy Berkheimer and
                 Bill Bogstad and Rizwan Dhanidina and Ken Iwamoto and
                 Brian Kim and Luke Matkins and Yoav Yerushalmi",
  title =        "Web Caching with Consistent Hashing",
  booktitle =    "Proceedings of the Eighth International World-Wide Web
                 Conference",
  year =         "1999",

}
@InProceedings{wang02osdi,
   Author      = "Limin Wang and Vivek Pai and Larry Peterson",
   Title       = "{The Effectiveness of Request Redirecion on CDN Robustness}",
   booktitle =   {Proceedings of the Fifth Symposium on Operating Systems
                  Design and Implementation},
   address =     {Boston, MA},
   Month       = "December",
   Year        = 2002
}

@inproceedings{ karger97consistent,
    author = "David R. Karger and Eric Lehman and Frank Thomson Leighton and Rina Panigrahy and Matthew S. Levine and Daniel Lewin",
    title = "Consistent Hashing and Random Trees: Distributed Caching Protocols for Relieving Hot Spots on the World Wide Web",
    booktitle = "{ACM} Symposium on Theory of Computing",
    year = "1997",
    url = "citeseer.nj.nec.com/karger97consistent.html" }

@inproceedings{ chankhunthod96hierarchical,
    author = "Anawat Chankhunthod and  Peter B. Danzig and Chuck Neerdaels and Michael F. Schwartz and Kurt J. Worrell",
    title = "A Hierarchical Internet Object Cache",
    booktitle = "{USENIX} Annual Technical Conference",
    year = "1996",
    url = "citeseer.nj.nec.com/chankhunthod95hierarchical.html" }

@inproceedings{ wolman99scale,
    author = "Alec Wolman and Geoffrey M. Voelker and Nitin Sharma and Neal Cardwell and Anna R. Karlin and Henry M. Levy",
    title = "On the scale and performance of cooperative Web proxy caching",
    booktitle = "Symposium on Operating Systems Principles",
    year = "1999",
    url = "citeseer.nj.nec.com/wolman99scale.html" }

@inproceedings{modelnet,
  title = "Scalability and Accuracy in a Large-Scale Network Emulator", 
  author = "Amin Vahdat and  Ken Yocum and Kevin Walsh and Priya Mahadevan and Dejan Kostic and Jeff Chase and David Becker",
  booktitle = "Proceedings of 5th Symposium on Operating Systems Design and Implementation (OSDI)", 
  year = "2002"
}

@inproceedings{robbert01astrolabe,
  title = "Astrolabe:   A Robust and Scalable Technology for Distributed System Monitoring,   Management, and Data Mining",
  author = "Robbert van Renesse and Kenneth Birman and Werner Vogels",
  booktitle = "ACM Transactions on Computer Systems",
  month = "May",
  year = "2003"
}


@misc{scarywater,
  author = "ScaryWater.Net.",
  key = "ScaryWater",
  year = "2003",
  note = "\\ \url{http://f.scarywater.net/postmortem/}" }

@misc{cacheoff,
  author = "A. Rousskov and M. Weaver and D. Wessels",
  title = "The Fourth Cache-off",
  key = "Rousskov",
  note = "\\ \url{http://www.measurement-factory.com/results/}" }

@misc{lighttpd,
  author = "Jan Kneschke",
  title = "lighttpd",
  note = "\\ \url{http://www.lightttpd.net}"
}

@inproceedings{slurpie,
  title = "Slurpie: A Cooperative Bulk Data Transfer Protocol",
  author = "Rob Sherwood and Ryan Braud and Bobby Bhattacharjee",
  booktitle = "Proceedings of IEEE Infocom",
  year = "2004",
  address = {Hong Kong}
}

@inproceedings{shark,
  title = "Shark: Scaling File Servers via Cooperative Caching",
  author = "Siddhartha Annapureddy and Michael J. Freedman and David Mazières",
  booktitle = "2nd USENIX/ACM Symposium on Networked Systems Design and Implementation (NSDI '05)",
  address = {Boston, MA}, 
  month = May,
  year = "2005"
}



@inproceedings{bullet2,
  title="Maintaining High Bandwidth under Dynamic Network Conditions",
  author="Dejan Kostic and  Ryan Braud and Charles Killian and Erik Vandekieft and  James W. Anderson and Alex C. Snoeren and Amin Vahdat",
  booktitle="Proceedings of 2005 USENIX Annual Technical Conference", 
  year={2005},
}

@inproceedings{Brak94,
  author = "L Brakmo and S O'Malley and L Peterson",
  title = "TCP Vegas: New techniques for congestion detection and avoidance",
  booktitle = "Proceedings of the SIGCOMM '94 Symposium",
  month = "August",
  year = "1994"
}

@inproceedings{vivaldi:sigcomm,
  title = {Vivaldi: A Decentralized Network Coordinate  System},
  author = {Frank Dabek and Russ Cox and Frans Kaashoek and Robert Morris},
  booktitle = {Proceedings of the {ACM} {SIGCOMM} '04 Conference},
  year = {2004},
  month = "August",
  address = {Portland, Oregon},
}

@inproceedings{bamboo,
  title = "Handling Churn in a {DHT}",
  author = "Sean Rhea and Dennis Geels and Timothy Roscoe and John Kubiatowicz",
  booktitle = "Proceedings of the {USENIX} Annual Technical Conference", 
  month = "June",
  year = "2004"
}

@inproceedings{gossip,
  title = "Using Epidemic Techniques for Building Ultra-Scalable Reliable Communications Systems",
  author = "Werner Vogels and Robbert van Renesse and Ken Birman",
  booktitle = "Workshop on New visions for Large-Scale Networks: Research and Applications",
  address = {Vienna, VA}, 
  month = March,
  year = "2001"
}


@inproceedings{sfs,
  author = "David Mazieres and Michael Kaminsky and M. Frans Kaashoek and Emmett Witchel",
  title = "Separating key management from file system security",
  booktitle = "Proceedings of the 17th ACM Symposium on Operating Systems Principles",
  address = {Kiawah Island, SC}, 
  year = "1999"
}

@misc{squidrange,
  author = "Alex Rousskov",
  title = "Range Requests - Squid mailing list",
  note = "\\ \url{http://www.squid-cache.org/mail-archive/\\squid-dev/199801/0005.html}"
}

@Article{Thaler:1998:UNM,
  author =       "David G. Thaler and Chinya V. Ravishankar",
  title =        "Using name-based mappings to increase hit rates",
  journal =      "IEEE\slash ACM Transactions on Networking",
  volume =       "6",
  number =       "1",
  pages =        "1--14",
  month =        feb,
  year =         "1998",
  coden =        "IEANEP",
  ISSN =         "1063-6692",
  bibdate =      "Tue Jul 27 15:53:14 MDT 1999",
  url =          "http://www.acm.org/pubs/citations/journals/ton/1998-6-1/p1-thaler/",
}

@misc{vserver,
  title = "{Vserver}",
  note  = "http://linux-vserver.org/"
}

@inproceedings{opendht,
  title = "{OpenDHT}: A Public {DHT} Service and Its Uses",
  author = "Sean Rhea and Brighten Godfrey and Brad Karp and John Kubiatowicz and Sylvia Ratnasamy and Scott Shenker and Ion Stoica and Harlan Yu",
  booktitle = "Proceedings of {ACM SIGCOMM}", 
  month = "August",
  year = "2005"
}

@inproceedings{proper,
  title = "Proper: Privileged Operations in a Virtualised System Environment",
  author = "Steve Muir and Larry Peterson and Marc Fiuczynski and Justin Cappos and John Hartman",
  booktitle = "Proceedings of the {USENIX} Annual Technical Conference", 
  month = "April",
  year = "2005"
}

@Article{ganglia,
  author = "Matthew L. Massie and Brent N. Chun and and David E. Culler",
  title  = "The {Ganglia} Distributed Monitoring System: Design, Implementation, and Experience",
  journal= "Parallel Computing",
  volume = "30",
  number = "7",
  month  = "July",
  year   = "2004"
}

@inproceedings{psepr,
  title  = "A Shared Global Event Propagation System to Enable Next Generation Distributed Services",
  author = "Paul Brett and Rob Knauerhase and Mic Bowman and Robert Adams and Aroon Nataraj and Jeff Sedayao and Michael Spinde",
  booktitle = "Proceedings of First Workshop on Real, Large Distributed Systems(WORDLS)", 
  month = "December",
  year  = "2004"
}

@inproceedings{sword,
  title  = "Distributed Resource Discovery on {PlanetLab} with {SWORD}",
  author = "David Oppenheimer and Jeannie Albrecht and David Patterson and Amin Vahdat",
  booktitle = "Proceedings of First Workshop on Real, Large Distributed Systems(WORDLS)", 
  month = "December",
  year  = "2004"
}

@misc{plush,
  title = "{PLuSH}",
  note  = "http://sysnet.ucsd.edu/projects/plush/"
}

@misc{appmanager,
  title = "{PlanetLab Application Manager}",
  note  = "\\ http://appmanager.berkeley.intel-research.net/"
}

@misc{openview,
  title = "{HP OpenView products}",
  note  = "\\ http://www.managementsoftware.hp.com/products/"
}


@misc{snmprfc1157,
  author = "J. Case and M. Fedor and M. Schoffstall and J. Davin",
  title = "A Simple Network Management Protocol ({SNMP})",
  howpublished = "RFC 1157",
  month = "May",
  year = "1990"
}

@misc{jabber,
  title = "{Jabber Software Foundation}",
  note  = "\\ http://www.jabber.org/about/overview.shtml"
}

@misc{mrtg,
  author = "Tobias Oetiker and Dave Rand",
  title = "{Multi Router Traffic grapher}",
  note  = "\\ http://people.ee.ethz.ch/oetiker/webtools/mrtg"
}


@misc{witty,
  author = "Colleen Shannon and David Moore",
  title = "The Spread of the Witty Worm",
  note = "\\ http://www.caida.org/analysis/security/witty/"
}
