@string{cmu-cs = "Carnegie Mellon University, School of Computer Science"}
@string{cornell-cs = "Department of Computer Science, Cornell University"}
@string{dec-src = "Digital Equipment Corporation, Systems Research Center"}
@string{edin-cs = "Department of Computer Science, University of Edinburgh"}
@string{inria = "Institut National de Recherche en Informatique et Automatique (INRIA)"}
@string{yale-cs = "Yale University, Department of Computer Science"}

@string{euc5 = "Fifth International {Erlang/OTP} User Conference"}
%@string{sigcomm = "{SIGCOMM}"}
@string{sigcomm = "{ACM} Conference of Special Interest Group on Data Communications"}
@string{oopsla = "{ACM} Conference on Object-oriented Programming, Systems, Languages, and Applications"}
%@string{ijcai = "{IJCAI}"}
@string{ijcai = "International Joint Conferences on Artificial Intelligence"}
%@string{icml = "{ICML}"}
@string{icml = "International Conference on Machine Learning"}
%@string{vldb = "{VLDB}"}
@string{vldb = "{International Conference on Very Large Data Bases}"}
@string{sigmod = "{SIGMOD}"}
%@string{freenix = "{FREENIX}"}
@string{freenix = "Proceedings of the {FREENIX} Track 2000 {U}senix Annual Technical Conference"}
%@string{icgi = "{ICGI}"}
@string{icgi = "International Conference on Grammatical Inference"}
@string{planx = "{{ACM SIGPLAN} Workshop on Programming Language Technologies for {XML}}"}
%@string{mdml = "{MLDM}"}
@string{mdml = "{International Workshop on Machine Learning and Data Mining in Pattern Recognition}"}
%@string{sigir = "{SIGIR}"}
@string{sigir = "{SIGIR '03: Proceedings of the 26th annual international ACM SIGIR conference on Research and development in informaion retrieval}"}
%@string{acl = "{ACL}"}
@string{acl = "{Proceedings of the annual meeting of the Association for Computational Linguistics on Computational Linguistics}"}
%@string{cagi = "{CAGI}"}
@string{cagi = "{ICML Workshop on Challenges and Applications of Grammar Induction}"}

%@string{gpce = "GPCE"}
@string{gpce = "Generative Programming and Component Engineering"}
@string{cade = "International Conference on Automated Deduction"}
@string{esop = "European Symposium on Programming"}
@string{fool = "Foundations of Object-Oriented Languages Workshop"}
@string{fpca = "Conference on Functional Programming Languages and Computer Architecture"}
@string{icalp = "International Colloquium on Automata, Languages, and Programming"}
@string{icfp = "{ACM} International Conference on Functional Programming"}
@string{icfpca = "{ACM} International Conference on Functional Programming and Computer Architecture"}
@string{lfp = "{ACM} Conference on {Lisp} and Functional Programming"}
@string{lics = "{IEEE} Symposium on Logic in Computer Science"}
@string{mfps = "Mathematical Foundations of Programming Semantics"}
%@string{popl = "{POPL}"}
@string{popl = "{ACM} Symposium on Principles of Programming Languages"}
%@string{padl = "{PADL}"}
@string{padl = "{{ACM} Symposium on Practical Aspects of Declarative Programming}"}
%@string{pldi = "{PLDI}"}
@string{pldi = "{ACM} Conference on Programming Language Design and Implementation"}
@string{tacs = "Theoretical Aspects of Computer Software"}
@string{tic = "Workshop on Types in Compilation"}
@string{tlca = "International Conference on Typed Lambda Calculi and Applications"}

@string{info-comp = "Information and Computation"}
%@string{jacm = "{JACM}"}
@string{jacm = "Journal of the {ACM}"}
@string{jfp = "Journal of Functional Programming"}
@string{mscs = "Mathematical Structures in Computer Science"}
%@string{tcs = "{TCS}"}
@string{tcs = "Theoretical Computer Science"}
%@string{toplas = "{TOPLAS}"}
@string{toplas = "{ACM} Transactions on Programming Languages and Systems"}
%@string{ecml = "{ECML}"}
@string{ecml = "European Conference on Machine Learning"}
@string{lncs = "Lecture Notes in Computer Science"}
@string{encs="Electronic Notes in Computer Science"}
@string{academic = "Academic Press"}
@string{cambridge-press = "Cambridge University Press"}
@string{chapman = "Chapman \& Hall"}
@string{elsevier = "Elsevier"}
@string{mit-press = "The MIT Press"}
@string{noholland = "North-Holland"}
@string{springer = "Springer"}
@string{springerver = "Springer-Verlag"}
@string{acmpress = "{ACM} Press"}

@string{cam-ma = "Cambridge, Massachusetts"}
@string{ith-ny = "Ithaca, New York"}
@string{pgh-pa = "Pittsburgh, Pennsylvania"}

@string{o1="First"}
@string{o2="Second"}
@string{o3="Third"}
@string{o4="Fourth"}
@string{o5="Fifth"}
@string{o6="Sixth"}
@string{o7="Seventh"}
@string{o8="Eighth"}
@string{o9="Ninth"}
@string{o10="Tenth"}
@string{o11="Eleventh"}
@string{o12="Twelfth"}
@string{o13="Thirteenth"}
@string{o14="Fourteenth"}
@string{o15="Fifteenth"}
@string{o16="Sixteenth"}
@string{o17="Seventeenth"}
@string{o18="Eighteenth"}
@string{o19="Nineteenth"}
@string{o20="Twentieth"}
@string{o21="Twenty-First"}
@string{o22="Twenty-Second"}
@string{o23="Twenty-Third"}
@string{o24="Twenty-Fourth"}
@string{o25="Twenty-Fifth"}
@string{o26="Twenty-Sixth"}
@string{IWMM = "International Workshop on Memory Management"}
@string{csurv = "Computing Surveys"}
@string{sicomp="{SIAM} Journal on Computing"}
@string{polymorphism="Polymorphism: The {ML}/{LCF}/{HOPE} Newsletter"}
@string{jcss="Journal of Computer and System Sciences"}
@string{cacm="Communications of the {ACM}"}
@string{loplas="{ACM} Letters on Progamming Languages and Systems"}
@string{jsl="Journal of Symbolic Logic"}
@string{zml="Zeitschrift {f\"ur} Mathematische Logik und Grundlagen der Mathematik"}
@string{icold="Information and Control"}
@string{ic="Information and Computation"}
@string{aml="Annals of Mathematical Logic"}
@string{apal="Annals of Pure and Applied Logic"}
@string{jar="Journal of Automated Reasoning"}
@string{jsc="Journal of Symbolic Computation"}
@string{cs="Computing Surveys"}
@string{ipl="Information Processing Letters"}
@string{jlp="Journal of Logic Programming"}
@string{scp="Science of Computer Programming"}
@string{ai="Acta Informatica"}
@string{lasc="{LISP} and Symbolic Computation"}
@string{jfp="Journal of Functional Programming"}
@string{mscs="Mathematical Structures in Computer Science"}

@string{lncs="Lecture Notes in Computer Science"}
@string{lnm="Lectures Notes in Mathematics"}

@string{sosp=" {ACM} Symposium on Operating Systems Principles"}
@string{lics=" Symposium on Logic in Computer Science"}
@string{cade=" Conference on Automated Deduction"}
@string{lofp="Logics of Programs"}
@string{fpca=" {ACM} Conference on Functional Programming and Computer Architecture"}
@string{stoc=" Symposium on the Theory of Computing"}
@string{focs=" Symposium  on the Foundations of Computer Science"}
@string{icalp=" International Colloquium on Automata, Languages, and
                  Programming"}
@string{pepm=" {ACM} Conference on Partial Evaluation and Semantics-Based
                Program Manipulation"}
@string{lfp=" {ACM} Conference on Lisp and Functional Programming"}
@string{tic="Workshop on Types in Compilation"}
@string{icfp="{ACM} International Conference on Functional Programming"}

@string{nh="North-Holland"}
@string{ph="Prentice-Hall"}
@string{aw="Addison-Wesley"}
@string{ap="Academic Press"}
@string{cup="Cambridge University Press"}
@string{mitp="MIT Press"}

@string{cornell-cs = "Department of Computer Science, Cornell University"}

@string{first="First"}
@string{second="Second"}
@string{third="Third"}
@string{fourth="Fourth"}
@string{fifth="Fifth"}
@string{sixth="Sixth"}
@string{seventh="Seventh"}
@string{eighth="Eighth"}
@string{ninth="Ninth"}
@string{tenth="Tenth"}
@string{eleventh="Eleventh"}
@string{twelfth="Twelfth"}
@string{thirteenth="Thirteenth"}
@string{fourteenth="Fourteenth"}
@string{fifteenth="Fifteenth"}
@string{sixteenth="Sixteenth"}
@string{seventeenth="Seventeenth"}
@string{eighteenth="Eighteenth"}
@string{nineteenth="Nineteenth"}
@string{twentieth="Twentieth"}
@string{twentyfirst="Twenty-First"}
@string{twentysecond="Twenty-Second"}
@string{twentythird="Twenty-Third"}
@string{twentyfourth="Twenty-Fourth"}
@string{twentyfifth="Twenty-Fifth"}
@string{twentysixth="Twenty-Sixth"}
@string{twentyseventh="Twenty-Seventh"}
@string{twentyeighth="Twenty-Eighth"}

@inproceedings{planx06:launchpads,
	author={Mark Daly and Mary Fern\'{a}ndez and Kathleen Fisher and Yitzhak Mandelbaum and David Walker},
	title={Launch{P}ads: {A} system for processing ad hoc data},
        booktitle={Demo at the {ACM SIGPLAN} Workshop on Programming Language Technologies for {XML}},
	year=2006,
}


@inproceedings{Xi+:padl,
 author = {Xi, Qian and Fisher, Kathleen and Walker, David and Zhu, Kenny Q.},
 title = {Ad Hoc Data and the Token Ambiguity Problem},
 booktitle = padl,
 year = {2009},
 isbn = {978-3-540-92994-9},
 location = {Savannah, GA},
 pages = {91--106},
 numpages = {16},
  publisher = {Springer-Verlag},
 address = {Berlin, Heidelberg},
}


@article{Zhu+:wasl,
 author = {Zhu, Kenny Q. and Fisher, Kathleen and Walker, David},
 title = {Incremental learning of system log formats},
 journal = {SIGOPS Operating System Review},
 volume = {44},
 issue = {1},
 month = {March},
 year = {2010},
 issn = {0163-5980},
 pages = {85--90},
 numpages = {6},
 url = {http://doi.acm.org/10.1145/1740390.1740410},
 doi = {http://doi.acm.org/10.1145/1740390.1740410},
 acmid = {1740410},
 publisher = {ACM},
 address = {New York, NY, USA},
 keywords = {PADS, ad hoc data, analysis of system logs, domain-specific languages, grammar induction, parsing, tool generation},
}

@inproceedings{Wadler+:typeclass,
 author = {Wadler, P. and Blott, S.},
 title = {How to make ad-hoc polymorphism less ad hoc},
 booktitle = popl,
 year = {1989},
 isbn = {0-89791-294-2},
 location = {Austin, Texas, United States},
 pages = {60--76},
 numpages = {17},
 url = {http://doi.acm.org/10.1145/75277.75283},
 doi = {http://doi.acm.org/10.1145/75277.75283},
 acmid = {75283},
 publisher = {ACM},
 address = {New York, NY, USA},
}


@Misc{harmony-web,
  author = 	 {Benjamin C. Pierce 
                  and Aaron Bohannon 
                  and J. Nathan Foster 
                  and Michael B. Greenwald 
                  and Sanjeev Khanna 
                  and Keshav Kunal 
                  and Alan Schmitt},
  title = 	 {Harmony: A synchronization framework for heterogeneous tree-structured data.},
  howpublished = {\url{http://www.seas.upenn.edu/~harmony/}}
}

@article{Fisher+:ddca,
 author = {Fisher, Kathleen and Mandelbaum, Yitzhak and Walker, David},
 title = {The next 700 data description languages},
 journal = jacm,
 volume = {57},
 issue = {2},
 month = {February},
 year = {2010},
 issn = {0004-5411},
 pages = {10:1--10:51},
 articleno = {10},
 numpages = {51},
 url = {http://doi.acm.org/10.1145/1667053.1667059},
 doi = {http://doi.acm.org/10.1145/1667053.1667059},
 acmid = {1667059},
 publisher = {ACM},
 address = {New York, NY, USA},
 keywords = {PADS, Parsing, ad hoc data formats, context-sensitive grammars, data description languages, data processing, data-dependent grammars, dependent types, domain-specific languages},
}

@inproceedings{Jim+:yakker,
 author = {Jim, Trevor and Mandelbaum, Yitzhak and Walker, David},
 title = {Semantics and algorithms for data-dependent grammars},
 booktitle = popl,
 year = {2010},
 isbn = {978-1-60558-479-9},
 location = {Madrid, Spain},
 pages = {417--430},
 numpages = {14},
 url = {http://doi.acm.org/10.1145/1706299.1706347},
 doi = {http://doi.acm.org/10.1145/1706299.1706347},
 acmid = {1706347},
 publisher = {ACM},
 address = {New York, NY, USA},
 keywords = {ambiguous grammars, automata, context-sensitive grammars, data-dependent grammars, earley parsing, ebnf, l-attributed grammars, regular expressions, regular right-sides, scannerless parsing, semantic predicates, transducers},
}

@inproceedings{Lammel+:syb,
 author = {L\"{a}mmel, Ralf and Jones, Simon Peyton},
 title = {Scrap your boilerplate: {A} practical design pattern for generic programming},
 booktitle = {TLDI},
 year = {2003},
 isbn = {1-58113-649-8},
 location = {New Orleans, Louisiana, USA},
 pages = {26--37},
 numpages = {12},
 url = {http://doi.acm.org/10.1145/604174.604179},
 doi = {http://doi.acm.org/10.1145/604174.604179},
 acmid = {604179},
 publisher = {ACM},
 address = {New York, NY, USA},
 keywords = {generic programming, rank-2 types, traversal, type cast},
}

@inproceedings{Mainland:quasi,
 author = {Mainland, Geoffrey},
 title = {Why it's nice to be quoted: {Q}uasiquoting for {H}askell},
 booktitle = {Haskell workshop},
 year = {2007},
 isbn = {978-1-59593-674-5},
 location = {Freiburg, Germany},
 pages = {73--82},
 numpages = {10},
 url = {http://doi.acm.org/10.1145/1291201.1291211},
 doi = {http://doi.acm.org/10.1145/1291201.1291211},
 acmid = {1291211},
 publisher = {ACM},
 address = {New York, NY, USA},
 keywords = {meta programming, quasiquoting},
}


@inproceedings{chilimbi,
 author = {Trishul M. Chilimbi},
 title = {Efficient representations and abstractions for quantifying and exploiting data reference locality},
 booktitle = {Proceedings of the ACM SIGPLAN 2001 conference on Programming language design and implementation},
 year = {2001},
 pages = {191--202},
 location = {Snowbird, Utah, United States},
 doi = {http://doi.acm.org/10.1145/378795.378840},
 }


@Misc{asdl,
  title="Abstract Syntax Description Language",
  howpublished="\url{http://sourceforge.net/projects/asdl}",
}

@Book{asn,
  author="Olivier Dubuisson",
  title="{ASN.1}: {C}ommunication between heterogeneous systems",
  year=2001}


@Misc{erlang,
  title="Erlang bit syntax",
  howpublished="\url{http://www.erlang.se/euc/99/binaries.ps}",
}

@inproceedings{igarasi+:featherweight,
 author = {Atshushi Igarashi and Benjamin Pierce and Philip Wadler},
 title = {{Featherwieght Java}: a minimal core calculus for {Java} and {GJ}},
 booktitle = oopsla,
 year = {1999},
 pages = {132--146},
 comment-location = {Denver, Colorado, United States},
 comment-doi = {http://doi.acm.org/10.1145/320384.320395},
 comment-address = {New York, NY, USA},
 }

@Misc{geneontology,
  author = 	 {Gene Ontology Consortium},
  title = 	 {Gene Ontology Project},
  howpublished = {http://www.geneontology.org/},
}

@Unpublished{fisher+:pads-semantics-ext,
  author = 	 {Kathleen Fisher and Yitzhak Mandelbaum and David Walker},
  title = 	 {A Calculus for Describing Ad Hoc Data},
  note = 	 {Technical Report.},
  month = 	 jun,
  year = 	 {2005},
}

@Unpublished{fisher+:ddc-printing,
  author = 	 {Kathleen Fisher and Yitzhak Mandelbaum and David Walker},
  title = 	 {A Dual Semantics for the Data Description Calculus},
  note = 	 {Available from \url{http://www.cs.princeton.edu/~dpw/papers/tfp07.pdf}},
  month = 	 jun,
  year = 	 {2007},
}

@Misc{newick,
  title = "Tree Formats. {Workshop} on Molecular Evolution.",
  howpublished="\url{http://workshop.molecularevolution.org/resources/fileformats/tree_formats.php}",
  key = "Newick"
}

@InProceedings{gpce02, 
       author="Godmar Back",
       title="{D}ata{S}cript - {A} Specification and Scripting 
              Language for Binary Data",
       booktitle = gpce,
       year="2002",
       pages="66-77",
       publisher = lncs,
       volume = "2487"}

@InProceedings{sigcomm00,
  author=         "Peter Mc{C}ann and Satish Chandra",
  title=          "Packet{T}ypes: {A}bstract specificationa of network protocol messages.",
  booktitle=      sigcomm,
  month=          "August",
  year=           "2000",
  pages=          "321-333",
}


@InProceedings{kdd98,
  author=         "Corinna Cortes and Daryl Pregibon",
  title=          "Giga Mining",
  booktitle=      "KDD",
  year=           "1998"
}

@InProceedings{kdd99,
       author="Corinna Cortes and Daryl Pregibon",
       title="Information Mining Platform: An
              infrastructure for {KDD} rapid deployment",
       booktitle= "KDD",
       year="1999"}


@InProceedings{kdd00, 
       author="Corinna Cortes and Kathleen Fisher and Daryl Pregibon and Anne Rogers and Frederick Smith",
       title= "Hancock: {A} Language for Extracting Signatures from Data Streams",
       Booktitle= "KDD",
       Year = "2000", 
       pages = "9-17"}

@article{hancock-toplas,
 author = {Corinna Cortes and Kathleen Fisher and Daryl Pregibon and Anne Rogers and Frederick Smith},
 title = {Hancock: A language for analyzing transactional data streams},
 journal = toplas,
 volume = {26},
 number = {2},
 year = {2004},
 pages = {301--338},
 }



@InProceedings{fisher+:pads,
  author = 	 {Kathleen Fisher and Robert Gruber},
  title = 	 {{PADS}: A domain specific language for processing ad hoc data},
  booktitle = 	 pldi,
  pages = 	 {295-304},
  year = 	 2005,
  month = 	 jun,
}

@InProceedings{fisher+:popl06,
  author = 	 {Kathleen Fisher and Yitzhak Mandelbaum and David Walker},
  title = 	 {The Next 700 Data Description Languages},
  booktitle =  popl,
  year = 	 {2006},
  month = 	 jan,
}

@InProceedings{Fisher+:dirttoshovels,
  author = 	 {Kathleen Fisher and David Walker and Kenny Zhu and Peter White},
  title = 	 {From Dirt to Shovels: {F}ully Automatic Tool Generation from Ad Hoc Data},
  booktitle =  popl,
  year = 	 {2008},
  month = 	 jan,
}

@InProceedings{mandelbaum+:pads-ml,
  author = 	 {Yitzhak Mandelbaum and Kathleen Fisher and David Walker and Mary
              Fern\'andez and Artem Gleyzer},
  title = 	 {{PADS/ML}: {A} Functional Data Description Language},
  booktitle =  popl,
  year = 	 {2007},
  month = 	 jan,
}

@InProceedings{daly+:pads-demo,
  author = {Mark Daly and Yitzhak Mandelbaum and David Walker and Mary Fernandez
	and Kathleen Fisher},
  title = {{PADS}: An End-to-end System for Processing Ad Hoc Data},
  booktitle = SIGMOD,
  year = {2006},
}

@Misc{netflow,
  title="Cisco NetFlow.",
  howpublished="\url{http://www.cisco.com/warp/public/732/Tech/nmp/netflow/index.shtml}",
}

@InProceedings{gigascope, 
       author="Chuck Cranor and Yuan Gao and Theodore Johnson and Vlaidslav Shkapenyuk and Oliver Spatscheck",
       title="Gigascope: {H}igh Performance Network Monitoring with an {SQL} Interface",
       booktitle="SIGMOD",
       year="2002",
}


@InProceedings{ast,
  author="Glenn Fowler and David Korn and Stephen North and Phong Vo",
  title="The {AT\&T} {AST} opensource software collection",
  booktitle=freenix,
  pages ="187-195",
  year ="2000"
}

@Book{wpp,
  author="Balachander Krishnamurthy and Jennifer Rexford",
  title="Web Protocols and Practice",
  publisher="Addison Wesley", 
  year="2001"}
  
@InProceedings{clf-cluster, 
       author="Balachander Krishnamurthy and Jia Wang",
       title="On Network-aware clustering of web clients",
       booktitle="Proceedings of SIGCOMM 2000",
       year="2000",
}

@InProceedings{clf-adaptation, 
       author="Balachander Krishnamurthy and Craig Wills",
       title="Improving web experience by client characterization driven server adaptation",
       booktitle="Proceedings of WWW 2002",
       year="2002",
}


@Book{xquery,
  editor="Howard Katz",
  title="X{Q}uery from the experts",
  publisher="Addison Wesley", 
  year="2004"}
  
@InProceedings{galax, 
       author="Mary F. Fern\'andez and J\'r\^ome Sim\'eon and Byron Choi and Am\'elie Marian and Gargi Sur",
       title="Implementing {XQ}uery 1.0: {T}he {G}alax Experience.",
       booktitle=vldb,
       year="2003",
        pages="1077-1080",
}


@Misc{dfdl,
  title="{DFDL} Project",
  howpublished="\url{http://forge.gridforum.org/projects/dfdl-wg}",
}

@Misc{galaxmanual,
  title="{G}alax User Manual",
  howpublished="\url{http://www.galaxquery.org/doc.html#manual}",
}

@InProceedings{fernandez+:padx,
  author = 	 {Mary F. Fern\'andez and Kathleen Fisher and Robert Gruber and Yitzhak Mandelbaum.},
  title = 	 {{PADX}: Querying Large-scale Ad Hoc Data with {XQuery}},
  booktitle = 	 planx,
  year = 	 2006,
  month = 	 jan,
}

@InProceedings{fernandez+:padl,
  author = 	 {Mary F. Fern\'andez and Kathleen Fisher and J. Nathan Foster and Michael Greenberg and Yitzhak Mandelbaum.},
  title = 	 {A Generic Programming Toolkit for {PADS/ML}: {F}irst-Class Upgrades for Third-Party Developers},
  booktitle = 	 padl,
  year = 	 2008,
  month = 	 jan,
}


@misc{boag03XQueryDraft,
    title  = {{XQuery 1.0 An XML Query Language, W3C Working Draft}},
    author = "Scott Boag and Don Chamberlin and Mary F. Fern\'andez and
Daniela Florescu and Jonathan Robie and J\'er\^ome Sim\'eon",
    year   = "2004",
    month = "Aug",
    note = "\url{http://www.w3.org/TR/xquery}" }


@Misc{padsmanual,
  title="{PADS} User Manual",
  howpublished="\url{http://www.research.att.com/projects/pads/index.html}",
  note="To appear."
}

@Misc{erlang-bit-syntax,
  title="Proposals for and Experiments with an {E}rlang Bit Syntax",
  howpublished="http://lambda.weblogs.com/discuss/msgReader\$5185",
}

@Misc{http,
  title="Hypertext Transfer Protocol -- {HTTP}/1.1",
  howpublished="\url{http://www.w3.org/Protocols/rfc2616/rfc2616.html}",
}

@Misc{unicode,
  title="Unicode Home Page",
  howpublished="\url{http://www.unicode.org/}",
}

@Unpublished{ckit,
  author=         "Satish Chandra and 
                   Nevin Heintze and David Mac{Q}ueen and 
                   Dino Oliva and Michael Siff",
  title=          "{C}-frontend library for {SML/NJ}",
  note=           "See 
\url{cm.bell-labs.com/cm/cs/what/smlnj.}",
  year=           1999
}

@InProceedings{sfio,
  author =        "David G.~  Korn and Kiem-Phong Vo",
  title =         "{SFIO}: {S}afe/Fast String/File {IO}",
  booktitle =     "Proc. of the Summer '91 Usenix Conference",
  publisher=      "USENIX",
  pages =         "235-256",
  year =          1991
}

@InProceedings{histograms,
  author =        "Sudipto Guha and Piotr Indyk and S. Muthukrishnan and Martin Strauss",
  title =         "Histogramming Data Streams with Fast Per-Item Processing",
  booktitle =     "ICALP",
  pages =         "681-692",
  year =          "2002"
}

@InProceedings{histograms-wavelets,
	author = "Anna C. Gilbert and Sudipto Guha and Piotr Indyk and Yannis Kotidis and S. Muthukrishnan and Martin Strauss",
	title="Fast, small-space algorithms for approximate histogram maintenance",
	booktitle="STOC",
	year="2002",
	pages="389-398"
	}
	
@InProceedings{quantiles,
	author = "Anna C. Gilbert and Yannis Kotidis and S. Muthukrishnan and Martin Strauss",
	title="How to Summarize the Universe: Dynamic Maintenance of Quantiles",
	booktitle=vldb,
	year="2002",
	pages="454465"
	}
      
@InProceedings{erlang-bits,
  author = 	 {Claes Wikstr\"{o}m and Tony Rogvall},
  title = 	 {Protocol programming in {Erlang} using binaries.},
  booktitle = 	 euc5,
  year = 	 {1999},
  month = 	 oct,
}

@Misc{eger:blt,
  author = 	 {David Eger},
  title = 	 {Bit Level Types},
  howpublished="\url{http://www-2.cs.cmu.edu/~eger/}"
}

@Book{harper:plbook,
  author = 	 {Robert Harper},
  title = 	 {Programming Languages: Theory and Practice.},
  publisher = 	 {Unpublished},
  year = 	 {2005},
  note = 	 {Available at \url{http://www-2.cs.cmu.edu/~rwh/}},
}

@Article{antlr,
  author = 	 {T. J. Parr and R. W. Quong},
  title = 	 {{ANTLR}: A Predicated- {\it LL(k)} Parser Generator.},
  journal = 	 {Software -- practice and experience},
  volume = 	 {25},
  number = 	 {7},
  pages = 	 {789-810},
  year = 	 {1995},
  month = 	 jul,
}


@InProceedings{ford:packrat,
  author =        {Bryan Ford},
  title =         {Packrat parsing:: simple, powerful, lazy, linear time.},
  booktitle =     icfp,
  year =          2002,
  pages =         {36-47},
  month = oct,
}


@InProceedings{ford:pegs,
  author =        {Bryan Ford},
  title =         {Parsing expression grammars: a recognition-based syntactic foundation.},
  booktitle =     popl,
  pages =         {111-122},
  year =          2004,
  month = jan,
}

@TechReport{grimm:packrat,
  author = 	 {Robert Grimm},
  title = 	 {Practical Packrat Parsing},
  institution =  {New York University},
  year = 	 {2004},
  number = 	 {TR2004-854},
  month = 	 mar,
}

@Article{birman+:parsing,
  author = 	 {Alexander Birman and Jeffrey D. Ullman},
  title = 	 {Parsing algorithms with backtrack},
  journal = 	 {Information and Control},
  year = 	 {1973},
  volume = 	 {23},
  number = 	 {1},
  month = 	 aug,
}



@InProceedings{sfio,
  author =        "David G.~  Korn and Kiem-Phong Vo",
  title =         "{SFIO}: {S}afe/Fast String/File {IO}",
  booktitle =     "Proc. of the Summer '91 Usenix Conference",
  publisher=      "USENIX",
  pages =         {235-256},
  year =          1991
}

@InProceedings{gustafsson+:binaries,
  author = 	 {Per Gustafsson and Konstantinos Sagonas},
  title = 	 {Adaptive Pattern Matching on Binary Data.},
  booktitle = 	 esop,
  year = 	 2004,
  pages =        {124-139},
  month = 	 mar,
}

@Article{landin:700,
  author = 	 {P. J. Landin},
  title = 	 {The next 700 programming languages},
  journal = 	 {Communications of the {ACM}},
  year = 	 {1966},
  volume = 	 {9},
  number = 	 {3},
  pages = 	 {157 - 166},
  month = 	 mar,
}


@inproceedings{arasu+:sigmod03long,
author = {Arvind Arasu and Hector Garcia-Molina},
title = {Extracting structured data from Web pages},
booktitle = sigmod,
year = {2003},
pages = {337--348},
location = {San Diego, California},
doi = {http://doi.acm.org/10.1145/872757.872799},
address = {New York, NY, USA},
}


@inproceedings{arasu+:sigmod03,
author = {Arvind Arasu and Hector Garcia-Molina},
title = {Extracting structured data from Web pages},
booktitle = sigmod,
year = {2003},
pages = {337--348},
}


@article{higuera01current,
   author = "Colin De La Higuera",
   title = "Current Trends in Grammatical Inference",
   journal = "Lecture Notes in Computer Science",
   volume = "1876",
   pages = "28--31",
   year = "2001"
}
          
@Misc{padsweb,
  key = 	 {PADS Project},
  title =  {{PADS} Project},
  year = {2010},
  howpublished = {{\url{http://www.padsproj.org/}}},
}


@Misc{apacheclf,
  key = 	 {{Common Log Format}},
  title =  {{Apache Common Log Format}},
  year = {2010},
  howpublished = {{\url{http://httpd.apache.org/docs/1.3/logs.html}}},
}

@article{TANE-HKPT99,
  author    = {Yk{\"a} Huhtala and
               Juha K{\"a}rkk{\"a}inen and
               Pasi Porkka and
               Hannu Toivonen},
  title     = {{TANE}: An Efficient Algorithm for Discovering Functional
               and Approximate Dependencies.},
  journal   = {The Computer Journal},
  volume    = {42},
  number    = {2},
  year      = {1999},
  pages     = {100-111},
}

@Misc{rrdtool,
  key = 	 {RRDTool},
  author = 	 {Tobias Oetiker},
  title = 	 {Round Robin Database Tool},
  howpublished = {\url{http://oss.oetiker.ch/rrdtool/index.en.html}},
  year = {2007},
}



@Article{gold:inference,
  author = 	 {E. M. Gold},
  title = 	 {Language identification in the limit},
  journal = 	 {Information and Control},
  year = 	 {1967},
  volume = 	 {10},
  number = 	 {5},
  pages = 	 {447--474},
}

@article{wharton:approximate-language-identification,
  author    = {R. M. Wharton},
  title     = {Approximate Language Identification},
  journal   = {Information and Control},
  volume    = {26},
  number    = {3},
  year      = {1974},
  pages     = {236-255},
}

@inproceedings{stolcke94inducing,
    author = "Andreas Stolcke and Stephen Omohundro",
    title = "Inducing Probabilistic Grammars by Bayesian Model Merging",
    booktitle = icgi,
    pages = {106-118},
    year = 1994,
}

@article{hong01using,
    author = "Theodore W. Hong and Keith L. Clark",
    title = "Using Grammatical Inference to Automate Information Extraction from the {Web}",
    journal = "Lecture Notes in Computer Science",
    volume = "2168",
    pages = "216+",
    year = "2001",
    url = "citeseer.ist.psu.edu/article/hong01using.html", 
}

@InProceedings{raman+:potterwheel,
  author = 	 {Vijayshankar Raman and Joseph M. Hellerstein},
  title = 	 {Potter's Wheel: An Interactive Data Cleaning System},
  booktitle = vldb,
  pages = 	 {381 - 390},
  year = 	 {2001},
}

@inproceedings{chawathe+:tsimmis,
    author = "Sudarshan Chawathe and Hector Garcia-Molina and Joachim Hammer and Kelly Ireland and Yannis Papakonstantinou and Jeffrey D. Ullman and Jennifer Widom",
    title = "The {TSIMMIS} Project: Integration of heterogeneous information sources",
    booktitle = "16th Meeting of the Information Processing Society of Japan",
    address = "Tokyo, Japan",
    pages = "7--18",
    year = "1994",
}

@inproceedings{shoens+:rufus,
 author = {Kurt A. Shoens and Allen Luniewski and Peter M. Schwarz and James W. Stamos and Joachim Thomas, II},
 title = {The {Rufus} System: Information Organization for Semi-Structured Data},
 booktitle = vldb,
 year = {1993},
 pages = {97--107},
 address = {San Francisco, CA, USA},
 }

@Book{hong:thesis,
  author="Theodore W. Hong",
  title="Grammatical Inference for Information Extraction and Visualisation on the Web",
  publisher="Ph.D. Thesis, Imperial College London", 
  year="2002"}

@article{Lin91:divergence,
  author= "J. Lin",
  title = "Divergence Measures Based on the {Shannon} Entropy",
  journal = "IEEE Transactions on Information Theory",
  volume = "37",
  number = "1",
  pages = "145--151",
  year = "1991",
}

@Article{rpni,
  author = 	 {J. Oncina and P. Garcia},
  title = 	 {Inferring Regular Languages in Polynomial Updated Time},
  journal = 	 {Machine Perception and Artificial Intelligence},
  year = 	 1992,
  volume = 	 {1},
  pages = 	 {29--61},
}

@inproceedings{burke+:cagi07,
  author =       {David Burke and Kathleen Fisher and David Walker and Peter White and Kenny Q. Zhu},
  title = {Towards 1-click Tool Generation with {PADS}},
  booktitle = 	 cagi,
  year = 	 {2007},
  address = 	 {Corvallis, OR},
  month = 	 jun,
}

@incollection{hutchens98finding,
    author = "Jason L. Hutchens and Michael D. Alder",
    title = "Finding Structure Via Compression",
    booktitle = "Proceedings of the Joint Conference on New Methods in Language Processing and Computational Natural Language Learning",
    editor = "David M. W. Powers",
    pages = "79--82",
    year = "1998",
}

@Book{mdlbook,
  author = 	 {Peter D. Gr\"{u}nwald},
  title = 	 {The Minimum Description Length Principle},
  publisher = 	 {{MIT Press}},
  year = 	 {2007},
  month = 	 may,
}

@inproceedings{vidal:gisurvey,
  author    = {Enrique Vidal},
  title     = {Grammatical Inference: An Introduction Survey},
  booktitle = icgi,
  year      = {1994},
  pages     = {1-4},
}

@article{angluin:revesible-language-inference,
 author = {Dana Angluin},
 title = {Inference of Reversible Languages},
 journal = {Journal of the ACM},
 volume = {29},
 number = {3},
 year = {1982},
 pages = {741--765},
 address = {New York, NY, USA},
 }

@article{garcia+:k-testable-languages,
 author = {P. Garc\'{\i}a and E. Vidal},
 title = {Inference of k-Testable Languages in the Strict Sense and Application to Syntactic Pattern Recognition},
 journal = {IEEE Trans. Pattern Anal. Mach. Intell.},
 volume = {12},
 number = {9},
 year = {1990},
 pages = {920--925},
  address = {Washington, DC, USA},
 }

@inproceedings{bex+:dtd-inference,
 author = {Geert Jan Bex and Frank Neven and Thomas Schwentick and Karl Tuyls},
 title = {Inference of concise {DTDs} from {XML} data},
 booktitle = vldb,
 year = {2006},
 pages = {115--126},
 location = {Seoul, Korea},
 }

@inproceedings{bex+:inferring-xml-schema,
  author    = {Geert Jan Bex and
               Frank Neven and
               Stijn Vansummeren},
  title     = {Inferring {XML} Schema Definitions from {XML} Data},
  booktitle = vldb,
  year      = {2007},
  pages     = {998-1009},
  ee        = {http://www.vldb.org/conf/2007/papers/research/p998-bex.pdf},
}

@article{soderland:whisk,
  author    = {Stephen Soderland},
  title     = {Learning Information Extraction Rules for Semi-Structured
               and Free Text},
  journal   = {Machine Learning},
  volume    = {34},
  number    = {1-3},
  year      = {1999},
  pages     = {233-272},
}

@article{martens+:expressiveness-xml-schema,
 author = {Wim Martens and Frank Neven and Thomas Schwentick and Geert Jan Bex},
 title = {Expressiveness and complexity of {XML} Schema},
 journal = {ACM Transactions on Database Systems},
 volume = {31},
 number = {3},
 year = {2006},
 pages = {770--813},
 address = {New York, NY, USA},
 }

@inproceedings{garofalakis+:xtract,
  author    = {Minos N. Garofalakis and
               Aristides Gionis and
               Rajeev Rastogi and
               S. Seshadri and
               Kyuseok Shim},
  title     = {{XTRACT}: A System for Extracting Document Type Descriptors
               from {XML} Documents},
  booktitle = sigmod,
  year      = {2000},
  pages     = {165-176},
}

@article{denis:learning-regular-languages,
  author    = {Fran\c{c}ois Denis and
               Aur{\'e}lien Lemay and
               Alain Terlutte},
  title     = {Learning regular languages using {RFSAs}},
  journal   = "Theoretical Computer Science",
  volume    = {313},
  number    = {2},
  year      = {2004},
  pages     = {267-294},
}

@inproceedings{fernau:learning-xml,
  author    = {Henning Fernau},
  title     = {Learning {XML} Grammars},
  booktitle = mdml,
  year      = {2001},
  pages     = {73-87},
  ee        = {http://link.springer.de/link/service/series/0558/bibs/2123/21230073.htm},
}

@inproceedings{raeymaekers+:learning-tree-languages,
  author    = {Stefan Raeymaekers and
               Maurice Bruynooghe and
               Jan Van den Bussche},
  title     = {Learning (k, l)-Contextual Tree Languages for Information
               Extraction},
  booktitle = ecml,
  year      = {2005},
  pages     = {305-316},
}

@InProceedings{raeymaekers+:wrapper-induction,
  author = 	 {Stefan Raeymaekers and Maurice Bruynooghe},
  title = 	 {Wrapper Induction: Learning (k,l)-Contextual Tree Languages Directly as Unranked Tree Automata},
  booktitle = {Proceedings of the International Workshop on Mining and Learning with Graphs},
  pages = 	 {197-204},
  year = 	 2006,
  address = 	 {Berlin, Germany},
  month = 	 sep,
}

@inproceedings{gubanov+:structural-text-search,
  author    = {Michael Gubanov and
               Philip A. Bernstein},
  title     = {Structural text search and comparison using automatically
               extracted schema},
  booktitle = {WebDB},
  year                  = {2006},
}

@article{rus+:information-capture,
 author = {Daniela Rus and Devika Subramanian},
 title = {Customizing information capture and access},
 journal = {ACM Trans. Inf. Syst.},
 volume = {15},
 number = {1},
 year = {1997},
 pages = {67--101},
 address = {New York, NY, USA},
 }


@inproceedings{ireson+:ml-evaluation,
 author    = {Neil Ireson and
              Fabio Ciravegna and
              Mary Elaine Califf and
              Dayne Freitag and
              Nicholas Kushmerick and
              Alberto Lavelli},
 title           = {Evaluating machine learning for information extraction},
 booktitle = icml,
 year           = {2005},
 pages           = {345-352},
}

@phdthesis{kushmerick-phd1997,
  author = {N. Kushmerick},
  year = {1997},
  title = {Wrapper induction for information extraction},
  school = {University of Washington},
  note = {Department of Computer Science and Engineering},
  psgz = {http://kushmerick.org/nick/research/download/kushmerick-phd.ps.gz},
  topic = {information extraction; machine learning; data integration},
}

@inproceedings{KushmerickWD97:Wrapper,
  author    = {Nicholas Kushmerick and
               Daniel S. Weld and
               Robert B. Doorenbos},
  title     = {Wrapper Induction for Information Extraction},
  booktitle = ijcai,
  year      = {1997},
  pages     = {729-737},
  bibsource = {DBLP, http://dblp.uni-trier.de}
}

@inproceedings{doorenbos+:shopbot,
 author = {Robert B. Doorenbos and Oren Etzioni and Daniel S. Weld},
 title = {A scalable comparison-shopping agent for the World-Wide Web},
 booktitle = {AGENTS '97: Proceedings of the first international conference on Autonomous agents},
 year = {1997},
 pages = {39--48},
 location = {Marina del Rey, California, United States},
 address = {New York, NY, USA},
 }

@inproceedings{Ambite+:ariadne,
 author = {Jos\'{e} Luis Ambite and Naveen Ashish and Greg Barish and Craig A. Knoblock and Steven Minton and Pragnesh J. Modi and Ion Muslea and Andrew Philpot and Sheila Tejada},
 title = {Ariadne: a system for constructing mediators for Internet sources},
 booktitle = sigmod,
 year = {1998},
 pages = {561--563},
 location = {Seattle, Washington, United States},
 address = {New York, NY, USA},
 }




@inproceedings{lemay+:tree-transducers,
  author    = {Aur{\'e}lien Lemay and
               Joachim Niehren and
               R{\'e}mi Gilleron},
  title     = {Learning n-Ary Node Selecting Tree Transducers from Completely
               Annotated Examples},
  booktitle = icgi,
  year      = {2006},
  pages     = {253-267},
}

@InProceedings{muslea+:active-learning,
   booktitle=ijcai,
   year="2003",
   title= "Active learning with strong and weak views: a case study on wrapper
induction",
   pages="415--420",
   author="Ion Muslea and Steve Minton and Craig Knoblock"
}

@inproceedings{doan+:disparate-data-sources,
 author = {AnHai Doan and Pedro Domingos and Alon Y. Halevy},
 title = {Reconciling schemas of disparate data sources: a machine-learning approach},
 booktitle = sigmod,
 year = {2001},
 pages = {509--520},
 location = {Santa Barbara, California, United States},
 address = {New York, NY, USA},
 }

@inproceedings{borkar+:text-segmentation,
 author = {Vinayak Borkar and Kaustubh Deshmukh and Sunita Sarawagi},
 title = {Automatic segmentation of text into structured records},
 booktitle = sigmod,
 year = {2001},
 pages = {175--186},
 location = {Santa Barbara, California, United States},
 address = {New York, NY, USA},
 }

@inproceedings{Lerman+:webtables,
 author = {Kristina Lerman and Lise Getoor and Steven Minton and Craig Knoblock},
 title = {Using the structure of Web sites for automatic segmentation of tables},
 booktitle = sigmod,
 year = {2004},
 pages = {119--130},
 location = {Paris, France},
 address = {New York, NY, USA},
 }

@inproceedings{Pinto+:texttables,
 author = {David Pinto and Andrew McCallum and Xing Wei and W. Bruce Croft},
 title = {Table extraction using conditional random fields},
 booktitle = {SIGIR},
 year = {2003},
 pages = {235--242},
 location = {Toronto, Canada},
 address = {New York, NY, USA},
 }

@inproceedings{Ng+:texttables,
 author = {Hwee Tou Ng and Chung Yong Lim and Jessica Li Teng Koo},
 title = {Learning to recognize tables in free text},
 booktitle = acl,
 year = {1999},
 pages = {443--450},
 location = {College Park, Maryland},
 address = {Morristown, NJ, USA},
 }

@inproceedings{Cresenzi+:roadrunner,
 author = {Valter Crescenzi and Giansalvatore Mecca and Paolo Merialdo},
 title = {RoadRunner: Towards Automatic Data Extraction from Large Web Sites},
 booktitle = vldb,
 year = {2001},
 pages = {109--118},
 address = {San Francisco, CA, USA},
}

@InProceedings{freedman:coral-experience,
  author = 	 {Michael J. Freedman},
  title = 	 {Experiences with CoralCDN: A Five-Year Operational View},
  booktitle = {USENIX/ACM Symposium on Networked Systems Design and Implementation},
  pages = 	 {7-7},
  year = 	 {2010},
}

@InProceedings{freedman+:coral,
  author = 	 {Michael J. Freedman and Eric Freudenthal and David Mazieres},
  title = 	 {Democratizing Content Publication with Coral},
  booktitle = {USENIX/ACM Symposium on Networked Systems Design and Implementation},
  pages = 	 {18-18},
  year = 	 {2004},
  note = {See also \url{http://www.coralcdn.org/}}
}

@inproceedings{metahaskell,
    author = "Tim Sheard and Simon {Peyton Jones}",
    title = "Template metaprogramming for {Haskell}",
    booktitle = "ACM SIGPLAN Haskell Workshop",
    year = 2002,
    month = oct, 
    pages = "1-16",
    editor = "Manuel M. T. Chakravarty",
    note = {see also \url{http://www.haskell.org/haskellwiki/Template_Haskell}}
}

@Misc{forest-web-site,
  key = 	 {Forest Web Site},
  title = 	 {Forest: A Language and Toolkit For Programming with File System Fragments},
  howpublished = {\url{http://www.forest.com}},
  year = 	 {2010},
}


@InProceedings{xi+:anne,
  author = 	 {Qian Xi and David Walker},
  title = 	 {A Context-free Markup Language for Semi-structured Text},
  booktitle = pldi,
  pages = 	 {221-232},
  year = 	 {2010},
}


@Book{anderson+:relevance-logic,
  author = 	 {A. R. Anderson and N. Belnap and J. Dunn.},
  title = 	 {Entailment: The Logic of Relevance and Necessity},
  publisher = 	 {Princeton University Press},
  year = 	 {1975},
}

@Misc{protobufs,
  key = 	 {Protocol Buffers},
  author = 	 {Google},
  title = 	 {Protocol Buffers},
  howpublished = {\url{http://code.google.com/p/protobuf/}},
  year = 	 {2010},
}


@Misc{avro,
  key = 	 {{Apache Avro}},
  author = 	 {Apache},
  title = 	 {{Apache Avro}},
  howpublished = {\url{http://avro.apache.org/docs/current/}},
  year = 	 {2009},
}

