@string{cmu-cs = "Carnegie Mellon University, School of Computer Science"}
@string{cornell-cs = "Department of Computer Science, Cornell University"}
@string{dec-src = "Digital Equipment Corporation, Systems Research Center"}
@string{edin-cs = "Department of Computer Science, University of Edinburgh"}
@string{inria = "Institut National de Recherche en Informatique et Automatique (INRIA)"}
@string{yale-cs = "Yale University, Department of Computer Science"}

@string{euc5 = "Fifth International {Erlang/OTP} User Conference"}
@string{sigcomm = "{ACM} Conference of Special Interest Group on Data Communications"}
@string{oopsla = "{ACM} Conference on Object-oriented Programming, Systems, Languages, and Applications"}
@string{gpce = "Generative Programming and Component Engineering"}
@string{cade = "International Conference on Automated Deduction"}
@string{esop = "European Symposium on Programming"}
@string{fool = "Foundations of Object-Oriented Languages Workshop"}
@string{fpca = "Conference on Functional Programming Languages and Computer Architecture"}
@string{icalp = "International Colloquium on Automata, Languages, and Programming"}
@string{icfp = "{ACM} International Conference on Functional Programming"}
@string{icfpca = "{ACM} International Conference on Functional Programming and Computer Architecture"}
@string{lfp = "{ACM} Conference on {Lisp} and Functional Programming"}
@string{lics = "{IEEE} Symposium on Logic in Computer Science"}
@string{mfps = "Mathematical Foundations of Programming Semantics"}
@string{pldi = "{ACM} Conference on Programming Language Design and Implementation"}
@string{popl = "{ACM} Symposium on Principles of Programming Languages"}
@string{tacs = "Theoretical Aspects of Computer Software"}
@string{tic = "Workshop on Types in Compilation"}
@string{tlca = "International Conference on Typed Lambda Calculi and Applications"}

@string{info-comp = "Information and Computation"}
@string{jacm = "Journal of the {ACM}"}
@string{jfp = "Journal of Functional Programming"}
@string{mscs = "Mathematical Structures in Computer Science"}
@string{tcs = "Theoretical Computer Science"}
@string{toplas = "{ACM} Transactions on Programming Languages and Systems"}

@string{lncs = "Lecture Notes in Computer Science"}
@string{encs="Electronic Notes in Computer Science"}
@string{academic = "Academic Press"}
@string{cambridge-press = "Cambridge University Press"}
@string{chapman = "Chapman \& Hall"}
@string{elsevier = "Elsevier"}
@string{mit-press = "The MIT Press"}
@string{noholland = "North-Holland"}
@string{springer = "Springer"}
@string{springerver = "Springer-Verlag"}
@string{acmpress = "{ACM} Press"}

@string{cam-ma = "Cambridge, Massachusetts"}
@string{ith-ny = "Ithaca, New York"}
@string{pgh-pa = "Pittsburgh, Pennsylvania"}

@string{o1="First"}
@string{o2="Second"}
@string{o3="Third"}
@string{o4="Fourth"}
@string{o5="Fifth"}
@string{o6="Sixth"}
@string{o7="Seventh"}
@string{o8="Eighth"}
@string{o9="Ninth"}
@string{o10="Tenth"}
@string{o11="Eleventh"}
@string{o12="Twelfth"}
@string{o13="Thirteenth"}
@string{o14="Fourteenth"}
@string{o15="Fifteenth"}
@string{o16="Sixteenth"}
@string{o17="Seventeenth"}
@string{o18="Eighteenth"}
@string{o19="Nineteenth"}
@string{o20="Twentieth"}
@string{o21="Twenty-First"}
@string{o22="Twenty-Second"}
@string{o23="Twenty-Third"}
@string{o24="Twenty-Fourth"}
@string{o25="Twenty-Fifth"}
@string{o26="Twenty-Sixth"}
@string{IWMM = "International Workshop on Memory Management"}
@string{csurv = "Computing Surveys"}
@string{sicomp="{SIAM} Journal on Computing"}
@string{polymorphism="Polymorphism: The {ML}/{LCF}/{HOPE} Newsletter"}
@string{tcs="Theoretical Computer Science"}
@string{jcss="Journal of Computer and System Sciences"}
@string{cacm="Communications of the {ACM}"}
@string{toplas="{ACM} Transactions on Progamming Languages and Systems"}
@string{loplas="{ACM} Letters on Progamming Languages and Systems"}
@string{jacm="Journal of the {ACM}"}
@string{jsl="Journal of Symbolic Logic"}
@string{zml="Zeitschrift {f\"ur} Mathematische Logik und Grundlagen der Mathematik"}
@string{icold="Information and Control"}
@string{ic="Information and Computation"}
@string{aml="Annals of Mathematical Logic"}
@string{apal="Annals of Pure and Applied Logic"}
@string{jar="Journal of Automated Reasoning"}
@string{jsc="Journal of Symbolic Computation"}
@string{cs="Computing Surveys"}
@string{ipl="Information Processing Letters"}
@string{jlp="Journal of Logic Programming"}
@string{scp="Science of Computer Programming"}
@string{ai="Acta Informatica"}
@string{lasc="{LISP} and Symbolic Computation"}
@string{jfp="Journal of Functional Programming"}
@string{mscs="Mathematical Structures in Computer Science"}

@string{lncs="Lecture Notes in Computer Science"}
@string{lnm="Lectures Notes in Mathematics"}

@string{popl=" {ACM} Symposium on Principles of Programming Languages"}
@string{sosp=" {ACM} Symposium on Operating Systems Principles"}
@string{lics=" Symposium on Logic in Computer Science"}
@string{cade=" Conference on Automated Deduction"}
@string{lofp="Logics of Programs"}
@string{fpca=" {ACM} Conference on Functional Programming and Computer Architecture"}
@string{stoc=" Symposium on the Theory of Computing"}
@string{focs=" Symposium  on the Foundations of Computer Science"}
@string{icalp=" International Colloquium on Automata, Languages, and
                  Programming"}
@string{pldi="{ACM} Conference on Programming Language Design and
                  Implementation"}
@string{pepm=" {ACM} Conference on Partial Evaluation and Semantics-Based
                Program Manipulation"}
@string{lfp=" {ACM} Conference on Lisp and Functional Programming"}
@string{tic="Workshop on Types in Compilation"}
@string{icfp="{ACM} International Conference on Functional Programming"}

@string{nh="North-Holland"}
@string{ph="Prentice-Hall"}
@string{aw="Addison-Wesley"}
@string{ap="Academic Press"}
@string{cup="Cambridge University Press"}
@string{mitp="MIT Press"}

@string{cornell-cs = "Department of Computer Science, Cornell University"}

@string{first="First"}
@string{second="Second"}
@string{third="Third"}
@string{fourth="Fourth"}
@string{fifth="Fifth"}
@string{sixth="Sixth"}
@string{seventh="Seventh"}
@string{eighth="Eighth"}
@string{ninth="Ninth"}
@string{tenth="Tenth"}
@string{eleventh="Eleventh"}
@string{twelfth="Twelfth"}
@string{thirteenth="Thirteenth"}
@string{fourteenth="Fourteenth"}
@string{fifteenth="Fifteenth"}
@string{sixteenth="Sixteenth"}
@string{seventeenth="Seventeenth"}
@string{eighteenth="Eighteenth"}
@string{nineteenth="Nineteenth"}
@string{twentieth="Twentieth"}
@string{twentyfirst="Twenty-First"}
@string{twentysecond="Twenty-Second"}
@string{twentythird="Twenty-Third"}
@string{twentyfourth="Twenty-Fourth"}
@string{twentyfifth="Twenty-Fifth"}
@string{twentysixth="Twenty-Sixth"}
@string{twentyseventh="Twenty-Seventh"}
@string{twentyeighth="Twenty-Eighth"}

@inproceedings{chilimbi,
 author = {Trishul M. Chilimbi},
 title = {Efficient representations and abstractions for quantifying and exploiting data reference locality},
 booktitle = {Proceedings of the ACM SIGPLAN 2001 conference on Programming language design and implementation},
 year = {2001},
 isbn = {1-58113-414-2},
 pages = {191--202},
 location = {Snowbird, Utah, United States},
 doi = {http://doi.acm.org/10.1145/378795.378840},
 publisher = acmpress,
 }


@Misc{asdl,
  title="Abstract Syntax Description Language",
  howpublished="\url{http://sourceforge.net/projects/asdl}",
  key = "Abstract Syntax Description Language",
}

@Book{asn,
  author="Olivier Dubuisson",
  title="{ASN.1}: {C}ommunication between heterogeneous systems",
  publisher="Morgan Kaufmann", 
  year="2001"}


@Misc{erlang,
  title="Erlang bit syntax",
  howpublished="\url{http://www.erlang.se/euc/99/binaries.ps}",
}

@inproceedings{igarasi+:featherweight,
 author = {Atshushi Igarashi and Benjamin Pierce and Philip Wadler},
 title = {{Featherwieght Java}: a minimal core calculus for {Java} and {GJ}},
 booktitle = oopsla,
 year = {1999},
 pages = {132--146},
 publisher = acmpress,
 comment-location = {Denver, Colorado, United States},
 comment-doi = {http://doi.acm.org/10.1145/320384.320395},
 comment-isbn = {1-58113-238-7},
 comment-address = {New York, NY, USA},
 }

@Misc{format:opra,
  author = 	 {Options Price Reporting Authority},
  title = 	 {Data Recipient Interface Specification, Version 1.6},
  year =         {2005},
  month=         "December",
  howpublished = {http://www.opradata.com},
}

@Misc{geneontology,
  author = 	 {Gene Ontology Consortium},
  title = 	 {Gene Ontology Project},
  howpublished = {http://www.geneontology.org},
}

@Unpublished{fisher+:pads-semantics-ext,
  author = 	 {Kathleen Fisher and Yitzhak Mandelbaum and David Walker},
  title = 	 {A Calculus for Describing Ad Hoc Data},
  note = 	 {Technical Report.},
  month = 	 jun,
  year = 	 {2005},
}

@TechReport{fisher+:popl-sub-long,
  author = 	 {Yitzhak Mandelbaum and Kathleen Fisher and David Walker and Mary
              Fernandez and Artem Gleyzer},
  title = 	 {{PADS/ML: A} Functional Data Description Language},
  institution =  {Princeton University},
  year = 	 {2006},
  number = 	 {TR-761-06},
  month = 	 jul,
}

@InProceedings{mandelbaum+:padsml,
  author = 	 {Yitzhak Mandelbaum and Kathleen Fisher and David Walker and Mary
              Fernandez and Artem Gleyzer},
  title = 	 {{PADS/ML: A} Functional Data Description Language},
  booktitle =  popl,
  year = 	 {2007},
  month = 	 jan,
  publisher = acmpress
}


@Misc{newick,
  title = "Tree Formats. {Workshop} on Molecular Evolution.",
  howpublished="\url{http://workshop.molecularevolution.org/resources/fileformats/tree_formats.php}",
  key = "Newick"
}

@InProceedings{gpce02, 
       author="Godmar Back",
       title="{D}ata{S}cript - {A} Specification and Scripting 
              Language for Binary Data",
       booktitle = gpce,
       year="2002",
       pages="66-77",
       publisher = lncs,
       volume = "2487"}

@InProceedings{sigcomm00,
  author=         "Peter Mc{C}ann and Satish Chandra",
  title=          "Packet{T}ypes: {A}bstract specificationa of network protocol messages.",
  booktitle=      sigcomm,
  month=          "August",
  year=           "2000",
  pages=          "321-333",
  publisher =     acmpress
}


@InProceedings{kdd98,
  author=         "Corinna Cortes and Daryl Pregibon",
  title=          "Giga Mining",
  booktitle=      "KDD",
  year=           "1998"
}

@InProceedings{kdd99,
       author="Corinna Cortes and Daryl Pregibon",
       title="Information Mining Platform: An
              infrastructure for {KDD} rapid deployment",
       booktitle= "KDD",
       year="1999"}


@InProceedings{kdd00, 
       author="Corinna Cortes and Kathleen Fisher and Daryl Pregibon and Anne Rogers and Frederick Smith",
       title= "Hancock: {A} Language for Extracting Signatures from Data Streams",
       Booktitle= "KDD",
       Year = "2000", 
       pages = "9-17"}

@article{hancock-toplas,
 author = {Corinna Cortes and Kathleen Fisher and Daryl Pregibon and Anne Rogers and Frederick Smith},
 title = {Hancock: A language for analyzing transactional data streams},
 journal = {ACM Trans. Program. Lang. Syst.},
 volume = {26},
 number = {2},
 year = {2004},
 issn = {0164-0925},
 pages = {301--338},
 doi = {http://doi.acm.org/10.1145/973097.973100},
 publisher = acmpress,
 }



@InProceedings{fisher+:pads,
  author = 	 {Kathleen Fisher and Robert Gruber},
  title = 	 {{PADS}: A domain specific language for processing ad hoc data},
  booktitle = 	 pldi,
  pages = 	 {295-304},
  year = 	 2005,
  month = 	 jun,
  publisher =   acmpress
}

@Misc{netflow,
  title="Cisco NetFlow.",
  howpublished="\url{http://www.cisco.com/warp/public/732/Tech/nmp/netflow/index.shtml}",
}

@InProceedings{gigascope, 
       author="Chuck Cranor and Yuan Gao and Theodore Johnson and Vlaidslav Shkapenyuk and Oliver Spatscheck",
       title="Gigascope: {H}igh Performance Network Monitoring with an {SQL} Interface",
       booktitle="SIGMOD",
       year="2002",
       publisher = acmpress}


@InProceedings{ast,
  author="Glenn Fowler and David Korn and Stephen North and Phong Vo",
  title="The {AT\&T} {AST} opensource software collection",
  booktitle="Proceedings of the {FREENIX} Track 2000 {U}senix Annual Technical Conference",
  pages ="187-195",
  year ="2000"
}

@phdthesis{dreyer-thesis,
  author="Derek Dreyer",
  title="Understanding and Evolving the ML Module System",
  year="2005",
  month="May",
  school="CMU",
  number="CMU-CS-05-131"}

@Book{wpp,
  author="Balachander Krishnamurthy and Jennifer Rexford",
  title="Web Protocols and Practice",
  publisher="Addison Wesley", 
  year="2001"}
  
@InProceedings{clf-cluster, 
       author="Balachander Krishnamurthy and Jia Wang",
       title="On Network-aware clustering of web clients",
       booktitle="Proceedings of SIGCOMM 2000",
       year="2000",
       publisher = acmpress}

@InProceedings{clf-adaptation, 
       author="Balachander Krishnamurthy and Craig Wills",
       title="Improving web experience by client characterization driven server adaptation",
       booktitle="Proceedings of WWW 2002",
       year="2002",
       publisher = "ACM"}


@Book{xquery,
  editor="Howard Katz",
  title="X{Q}uery from the experts",
  publisher="Addison Wesley", 
  year="2004"}
  
@InProceedings{galax, 
       author="Mary F. Fern\'andez and J\'r\^ome Sim\'eon and Byron Choi and Am\'elie Marian and Gargi Sur",
       title="Implementing {XQ}uery 1.0: {T}he {G}alax Experience.",
       booktitle="VLDB",
       year="2003",
        pages="1077-1080",
       publisher = acmpress}



@InProceedings{lv+:cbs,
  author = 	 {Qin Lv and William Josephson and Zhe Wang and Moses Chrikar and Kai Li},
  title = 	 {Ferret: A Toolkit for Content-Based Similarity Search of Feature-Rich Data},
  booktitle = 	 {EuroSys2006},
  year = 	 2006,
  month = 	 apr,
}



@Unpublished{oh:siw,
  author = 	 {Jin Oh},
  title = 	 {{PADS} and {CASS} utilization for beta coefficient 
estimation with the single-index model},
  note = 	 {Princeton University Undergraduate Senior Independent Work},
  month = 	 may,
  year = 	 2006,
}

@InProceedings{fernandez+:padx,
  author = 	 {Mary F. Fern\'andez and Kathleen Fisher and Robert Gruber and Yitzhak Mandelbaum.},
  title = 	 {{PADX}: Querying Large-scale Ad Hoc Data with XQuery},
  booktitle = 	 {Programming Language Technologies for {XML}},
  year = 	 2006,
  month = 	 jan,
}

@Misc{dfdl,
  title="{DFDL} Project",
  howpublished="\url{http://forge.gridforum.org/projects/dfdl-wg}",
}

@Misc{galaxmanual,
  title="{G}alax User Manual",
  howpublished="\url{http://www.galaxquery.org/doc.html#manual}",
}

@misc{boag03XQueryDraft,
    title  = {{XQuery 1.0 An {XML} Query Language, W3C Working Draft}},
    author = "Scott Boag and Don Chamberlin and Mary F. Fern\'andez and
Daniela Florescu and Jonathan Robie and J\'er\^ome Sim\'eon",
    year   = "2004",
    month = "Aug",
    note = "\url{http://www.w3.org/TR/xquery}" }


@Misc{padsmanual,
  title="{PADS} User Manual",
  howpublished="\url{http://www.research.att.com/projects/pads/index.html}",
  note="To appear."
}

@Misc{erlang-bit-syntax,
  title="Proposals for and Experiments with an {E}rlang Bit Syntax",
  howpublished="http://lambda.weblogs.com/discuss/msgReader\$5185",
}

@Misc{http,
  title="Hypertext Transfer Protocol -- {HTTP}/1.1",
  howpublished="\url{http://www.w3.org/Protocols/rfc2616/rfc2616.html}",
}

@Misc{unicode,
  title="Unicode Home Page",
  howpublished="\url{http://www.unicode.org/}",
}

@Unpublished{ckit,
  author=         "Satish Chandra and 
                   Nevin Heintze and David Mac{Q}ueen and 
                   Dino Oliva and Michael Siff",
  title=          "{C}-frontend library for {SML/NJ}",
  note=           "See 
\url{cm.bell-labs.com/cm/cs/what/smlnj.}",
  year=           1999
}

@InProceedings{sfio,
  author =        "David G.~  Korn and Kiem-Phong Vo",
  title =         "{SFIO}: {S}afe/Fast String/File {IO}",
  booktitle =     "Proc. of the Summer '91 Usenix Conference",
  publisher=      "USENIX",
  pages =         "235-256",
  year =          1991
}

@InProceedings{histograms,
  author =        "Sudipto Guha and Piotr Indyk and S. Muthukrishnan and Martin Strauss",
  title =         "Histogramming Data Streams with Fast Per-Item Processing",
  booktitle =     "ICALP",
  pages =         "681-692",
  year =          "2002"
}

@InProceedings{histograms-wavelets,
	author = "Anna C. Gilbert and Sudipto Guha and Piotr Indyk and Yannis Kotidis and S. Muthukrishnan and Martin Strauss",
	title="Fast, small-space algorithms for approximate histogram maintenance",
	booktitle="STOC",
	year="2002",
	pages="389-398"
	}
	
@InProceedings{quantiles,
	author = "Anna C. Gilbert and Yannis Kotidis and S. Muthukrishnan and Martin Strauss",
	title="How to Summarize the Universe: Dynamic Maintenance of Quantiles",
	booktitle="VLDB",
	year="2002",
	pages="454465"
	}
      
@InProceedings{erlang-bits,
  author = 	 {Claes Wikstr\"{o}m and Tony Rogvall},
  title = 	 {Protocol programming in {Erlang} using binaries.},
  booktitle = 	 euc5,
  year = 	 {1999},
  month = 	 oct,
}

@Misc{eger:blt,
  author = 	 {David Eger},
  title = 	 {Bit Level Types},
  howpublished="\url{http://www-2.cs.cmu.edu/~eger/}"
}

@Book{harper:plbook,
  author = 	 {Robert Harper},
  title = 	 {Programming Languages: Theory and Practice.},
  publisher = 	 {Unpublished},
  year = 	 {2005},
  note = 	 {Available at \url{http://www-2.cs.cmu.edu/~rwh/}},
}

@Article{antlr,
  author = 	 {T. J. Parr and R. W. Quong},
  title = 	 {{ANTLR}: A Predicated- {\it LL(k)} Parser Generator.},
  journal = 	 {Software -- practice and experience},
  volume = 	 {25},
  number = 	 {7},
  pages = 	 {789-810},
  year = 	 {1995},
  month = 	 jul,
}


@InProceedings{ford:packrat,
  author =        {Bryan Ford},
  title =         {Packrat parsing: {S}imple, powerful, lazy, linear time.},
  booktitle =     icfp,
  year =          2002,
  pages =         {36-47},
  month = oct,
  publisher = acmpress,
}


@InProceedings{ford:pegs,
  author =        {Bryan Ford},
  title =         {Parsing expression grammars: {A} recognition-based syntactic foundation.},
  booktitle =     popl,
  pages =         {111-122},
  year =          2004,
  month = jan,
  publisher = acmpress,
}

@TechReport{grimm:packrat,
  author = 	 {Robert Grimm},
  title = 	 {Practical Packrat Parsing},
  institution =  {New York University},
  year = 	 {2004},
  number = 	 {TR2004-854},
  month = 	 mar,
}

@Article{birman+:parsing,
  author = 	 {Alexander Birman and Jeffrey D. Ullman},
  title = 	 {Parsing algorithms with backtrack},
  journal = 	 {Information and Control},
  year = 	 {1973},
  volume = 	 {23},
  number = 	 {1},
  month = 	 aug,
}



@InProceedings{sfio,
  author =        "David G.~  Korn and Kiem-Phong Vo",
  title =         "{SFIO}: {S}afe/Fast String/File {IO}",
  booktitle =     "Proc. of the Summer '91 Usenix Conference",
  publisher=      "USENIX",
  pages =         {235-256},
  year =          1991
}

@InProceedings{gustafsson+:binaries,
  author = 	 {Per Gustafsson and Konstantinos Sagonas},
  title = 	 {Adaptive Pattern Matching on Binary Data.},
  booktitle = 	 esop,
  year = 	 2004,
  pages =        {124-139},
  publisher =    springer,
  month = 	 mar,
}

@Article{landin:700,
  author = 	 {P. J. Landin},
  title = 	 {The next 700 programming languages},
  journal = 	 {Communications of the {ACM}},
  year = 	 {1966},
  volume = 	 {9},
  number = 	 {3},
  pages = 	 {157 - 166},
  month = 	 mar,
}




@InProceedings{fisher+:next700ddl,
  author = 	 {Kathleen Fisher and Yitzhak Mandelbaum and David Walker},
  title = 	 {The Next 700 Data Description Languages},
  booktitle = 	 {{ACM SIGPLAN-SIGACT} Symposium on Principles of Programming Languages},
  pages = 	 {2 - 15},
  year = 	 {2006},
  month = 	 jan,
}

@InProceedings{brabrand+:xsugar2005,
  author =       {Claus Brabrand and Anders M\o{}ller and Michael I. Schwartzbach},
  title =        {Dual Syntax for {XML} Languages},
  booktitle =    {Tenth International Symposium on Database Programming Languages},
  volume =       {3774},
  year =         {2005},
  month =        {August},
  series =       lncs,
  publisher =    springerver,
  pages =        {27--41},
}


@ARTICLE{mandelbaum+:reglens,
author = {{Mandelbaum}, R. and {Hirata}, C.~M. and {Seljak}, U. and {Guzik}, J. and 
{Padmanabhan}, N. and {Blake}, C. and {Blanton}, M.~R. and {Lupton}, R. and 
{Brinkmann}, J.},
title = "{Systematic errors in weak lensing: application to SDSS galaxy-galaxy weak lensing}",
journal = {Mon. Not. R. Astron. Soc.},
year = 2005,
month = aug,
volume = 361,
pages = {1287-1322},
doi = {10.1111/j.1365-2966.2005.09282.x},
adsurl = {http://adsabs.harvard.edu/cgi-bin/nph-bib_query?bibcode=2005MNRAS.361.1287M&db_key=AST},
adsnote = {Provided by the Smithsonian/NASA Astrophysics Data System}
}


@misc{dfdl-primer,
title="{GGF} {DFDL} Primer", 
author="Mike Beckerle and Martin Westhead", 
howpublished="\url{http://www.ggf.org/Meetings/GGF11/Documents/DFDL_Primer_v2.pdf}",
note="Global Grid Forum",
year="2004",
month="May"
}

@misc{dfdl-proposal,
key="Data Format Description Language",
title="Data Format Description Language ({DFDL}) A {Proposal}, {Working Draft}, {Global} {Grid} {Forum}", 
year="2005",
month="Aug",
howpublished="\url{https://forge.gridforum.org/projects/dfdl-wg/document/DFDL_Proposal/en/2}",
note="Global Grid Forum"
}

@article{zhao+:sigmod05,
  author = 	 {Yong Zhao and Jed Dobson and Ian Foster and Luc Moreau and Micael Wilde},
  title = 	 {A notation and system for expressing and executing cleanly typed workflows on messy scientific data},
  journal = 	 {{ACM SIGMOD Record}},
  pages = 	 {37-43},
  year = 	 {2005},
  volume = 	 {34},
  number = 	 {3},
}

@InProceedings{xdtm,
  author = 	 {Luc Moreau and Yong Zhao and Ian Foster and Jens Voeckler and Micael Wilde},
  title = 	 {{XDTM}: The {XML} Data Type and Mapping for Specifying Datasets},
  booktitle = 	 {European Grid Conference},
  year = 	 {2005},
}


@Misc{hdf5,
  key = 	 {Hierarchical Data Format 5},
  title = 	 {Hierarchical Data Format 5},
  howpublished = {National Center for Supercomputing Applications (NCSA) at the University of Illinois at Urbana-Champaign (UIUC). \url{http://hdf.ncsa.uiuc.edu/HDF5/}},
}

@Misc{bfd,
  key = 	 "Binary format definition",
  author = 	 {J. Myers and A. Chappell},
  title = 	 {Binary format definition ({BFD})},
  howpublished = {\url{http://collaboratory.emsl.pnl.gov/sam/bfd/}},
  year = 	 {2000},
}

@Misc{mets,
  key = 	 "METS",
  title = 	 {{METS}: An overview and tutorial.},
  howpublished = {\url{http://www.loc.gov/standards/mets/METSOverview.v2.html}},
  year = 	 {2003},
}

@Book{pierce:tapl,
  author = 	 {Benjamin C. Pierce},
  title = 	 {Types and Programming Languages},
  publisher = 	 {The MIT Press},
  year = 	 {2002},
  month = 	 feb,
}


@inproceedings{paxson:bro,
  title = 	 {A System for Detecting Network Intruders in Real-Time},
  author = {Vern Paxson},
  booktitle =    {Computer Networks},
  year = 	 {1999},
  month = 	 dec,
}

@Article{lieberherr+:class-dictionaries,
  author = 	 {Karl Lieberherr},
  title = 	 {Object-Oriented Programming with Class Dictionaries},
  journal = 	 {Lisp and Symbolic Computation},
  year = 	 {1988},
  volume = 	 {1},
  pages = 	 {185-212},
}


@InProceedings{launchpads:planx,
  author = 	 {Mark Daly and Mary Fernandez and Kathleen Fisher and Yitzhak Mandelbaum and David Walker},
  title = 	 {{LaunchPADS}: A System for Processing Ad Hoc Data},
  booktitle = 	 {Demo paper for the Workshop on Programming Language Technologies for {XML}},
  year = 	 2006,
  month = 	 jan,
}

@InProceedings{launchpads:sigmod,
  author = 	 {Mark Daly and Mary Fernandez and Kathleen Fisher and Robert Gruber and Yitzhak Mandelbaum and David Walker and Xuan Zheng},
  title = 	 {{PADS}: An End-to-end System for Processing Ad Hoc Data},
  booktitle = 	 {Demo paper for the 2006 {ACM SIGMOD} International Conference on Management of Data},
  year = 	 2006,
  month = 	 jun,
}

@article{hutton+:parser-combinators,
author = "Graham Hutton and Erik Meijer",
title = "{Monadic parsing in {Haskell}}",
journal = "Journal of Functional Programming",
publisher = "Cambridge University Press",
volume = 8,
number = 4,
month = jul,
year = 1998,
pages = "437--444"
}

@Article{lammel+:syb,
  author    = "Ralf L{\"a}mmel and Simon {Peyton Jones}",
  title     = "Scrap your boilerplate:
               {A} practical design pattern for generic programming",
  journal   = "ACM SIG{\-}PLAN Notices",
  publisher = "ACM Press",
  volume    = "38",
  number    = "3",
  pages     = "26--37",
  month     = mar,
  year      = "2003",
  note      = "Proceedings of the ACM SIGPLAN Workshop
               on Types in Language Design and Implementation (TLDI~2003)"
}

@InProceedings{jeuring+:polytypic-programming,
  author = 	 {J. Jeuring and P. Jansson},
  title = 	 {Polytypic programming},
  booktitle = 	 {Second International School on Advanced Functional Programming},
  pages = 	 "68-114",
  year = 	 1996,
  volume = 	 1129,
  series = 	 {Lecture Notes in Computer Science},
  month = 	 aug,

}

@TECHREPORT{hinze+:generic-haskell,
author = {Ralf Hinze and Johan Jeuring},
year = 2003,
title = {Generic {Haskell}: Practice and Theory},
number = {UU-CS-2003-015},
institution = {Institute of Information and Computing Sciences, Utrecht University},
urlpdf = {{http://archive.cs.uu.nl/pub/RUU/CS/techreps/CS-2003/2003-015.pdf}},
pubcat = {techreport}
}

@InProceedings{hinze+:generic-programming,
  author = 	 {Ralf Hinze},
  title = 	 {A New Approach to Generic Functional Programming},
  booktitle = 	 {{ACM SIGPLAN-SIGACT} Symposium on Principles of Programming
Languages},
  pages = 	 "119-132",
  year = 	 2000,
  month = 	 jan,
}

@Book{appel:mci,
 author = {Andrew W. Appel},
 title = {Modern Compiler Implementation in ML},
 year = {1998},
 isbn = {0-521-58274-1},
 publisher = {Cambridge University Press},
 address = {New York, NY, USA},
 }

@Book{burge:parser-combinators,
  author = 	 {William Burge},
  title = 	 {Recursive Programming Techniques},
  publisher = 	 {Addison Wesley},
  year = 	 {1975}
}

@InProceedings{xsugar2005,
  author =       {Claus Brabrand and Anders M\o{}ller and Michael I. Schwartzbach},
  title =        {Dual Syntax for {XML} Languages},
  booktitle =    {Proc. 10th International Workshop on Database Programming Languages, DBPL~'05},
  volume =       {3774},
  year =         {2005},
  month =        {August},
  series =       {LNCS},
  publisher =    {Springer-Verlag},
  pages =        {27--41},
}

@Article{fisher+:ddcjournal,
  author = 	 {Kathleen Fisher and Yitzhak Mandelbaum and David Walker},
  title = 	 {The Next 700 Data Description Languages},
  journal = 	 {Submitted for journal publication.},
  year = 	 {2006},
  month = 	 dec,
  note = {See \url{www.padsproj.org/doc.html}.}
}

@PhdThesis{mandelbaum:thesis,
  author = 	 {Yitzhak Mandelbaum},
  title = 	 {The Theory and Practice of Data Description},
  school = 	 {Princeton University},
  year = 	 {2006},
  month = 	 sep,
}

@article{wadler99prettier,
    author = "Philip Wadler",
    title = "A prettier printer",
    journal = {The Fun of Programming, Cornerstones of Computing},
    year = 2003,
    pages = {223--244},
    editor = {J. Gibbons and O. de Moor}
}

@inproceedings{hinze:generic,
 author = {Ralf Hinze},
 title = {A new approach to generic functional programming},
 booktitle = {Proceedings of the 27th ACM SIGPLAN-SIGACT symposium on Principles of programming languages},
 year = {2000},
 pages = {119--132},
 location = {Boston, MA, USA},
 publisher = {ACM Press},
 address = {New York, NY, USA},
 }
