

@InProceedings{jia+:ilc,
  author = 	 {Limin Jia and David Walker},
  title = 	 {{ILC}:  A Foundation for Automated Reasoning about Pointer Programs},
  booktitle = 	 {European Symposium on Programming},
  year = 	 2006,
  month = 	 apr,
  note = 	 {To appear.},
}

@Article{LPJ03,
  author    = "Ralf L{\"a}mmel and Simon {Peyton Jones}",
  title     = "Scrap your boilerplate:
               a practical design pattern for generic programming",
  journal   = "ACM SIG{\-}PLAN Notices",
  publisher = "ACM Press",
  volume    = "38",
  number    = "3",
  pages     = "26--37",
  month     = mar,
  year      = "2003",
  note      = "Proceedings of the ACM SIGPLAN Workshop
               on Types in Language Design and Implementation (TLDI~2003)"
}

@inproceedings{syb2,
 author    = {Ralf L{\"a}mmel and Simon {Peyton Jones}},
 title     = "{Scrap more boilerplate:
               reflection, zips, and generalised casts}",
 booktitle = "{Proceedings of the ACM SIGPLAN International Conference
               on Functional Programming (ICFP 2004)}",
 year      = {2004},
 pages     = {244--255},
 location  = {Snow Bird, UT, USA},
 publisher = {ACM Press},
}

@inproceedings{SYB3,
 author = "Ralf L{\"a}mmel and Simon {Peyton Jones}",
 title = "{Scrap your boilerplate with class: extensible generic functions}",
 booktitle = "{Proceedings of the ACM SIGPLAN International Conference
               on Functional Programming (ICFP 2005)}",
 year      = {2005},
 pages     = {204--215},
 location  = {Tallinn, Estonia},
 publisher = {ACM Press},
 month = sep,
}

@Article{crary+:intensional-types,
  author = 	 {Karl Crary and Stephanie Weirich and Greg Morrisett},
  title = 	 {Intensional Polymorphism in Type Erasure Semantics},
  journal = 	 {Journal of Functional Programming},
  year = 	 {2002},
  volume = 	 {12},
  number = 	 {6},
  pages = 	 {567-600},
  month = 	 {nov},
}

@InProceedings{foster+:lens,
  author = 	 {J. Nathan Foster and Michael B. Greenwald and Christian Kirkegaard and Benjamin C. Pierce and Alan Schmitt},
  title = 	 {Combinators for Bi-Directional Tree Transformations: A Linguistic Approach to the View Update Problem},
  booktitle = 	 {{ACM SIGPLAN-SIGACT} Symposium on Principles of Programming Languages},
  year = 	 2005,
  month = 	 jan,
}

@inproceedings{chilimbi,
 author = {Trishul M. Chilimbi},
 title = {Efficient representations and abstractions for quantifying and exploiting data reference locality},
 booktitle = {Proceedings of the ACM SIGPLAN 2001 conference on Programming language design and implementation},
 year = {2001},
 isbn = {1-58113-414-2},
 pages = {191--202},
 location = {Snowbird, Utah, United States},
 doi = {http://doi.acm.org/10.1145/378795.378840},
 publisher = {ACM Press},
 }


@InProceedings{kdd00, 
       author="Corinna Cortes and Kathleen Fisher and Daryl Pregibon and Anne Rogers and Frederick Smith",
       title= "Hancock: {A} Language for Extracting Signatures from Data Streams",
       Booktitle= "KDD",
       Year = "2000", 
       pages = "9-17"}

@article{hancock-toplas,
 author = {Corinna Cortes and Kathleen Fisher and Daryl Pregibon and Anne Rogers and Frederick Smith},
 title = {Hancock: A language for analyzing transactional data streams},
 journal = {ACM Trans. Program. Lang. Syst.},
 volume = {26},
 number = {2},
 year = {2004},
 issn = {0164-0925},
 pages = {301--338},
 doi = {http://doi.acm.org/10.1145/973097.973100},
 publisher = {ACM Press},
 }


@Misc{netflow,
  title="Cisco NetFlow.",
  howpublished="\url{http://www.cisco.com/warp/public/732/Tech/nmp/netflow/index.shtml}",
}

@InProceedings{ast,
  author="Glenn Fowler and David Korn and Stephen North and Phong Vo",
  title="The {AT\&T} {AST} opensource software collection",
  booktitle="Proceedings of the {FREENIX} Track 2000 {U}senix Annual Technical Conference",
  pages ="187-195",
  year ="2000"
}
  
@InProceedings{clf-cluster, 
       author="Balachander Krishnamurthy and Jia Wang",
       title="On Network-aware clustering of web clients",
       booktitle="Proceedings of SIGCOMM 2000",
       year="2000",
       publisher = "ACM"}

@InProceedings{clf-adaptation, 
       author="Balachander Krishnamurthy and Craig Wills",
       title="Improving web experience by client characterization driven server adaptation",
       booktitle="Proceedings of WWW 2002",
       year="2002",
       publisher = "ACM"}


@Book{xquery,
  editor="Howard Katz",
  title="X{Q}uery from the experts",
  publisher="Addison Wesley", 
  year="2004"}

@misc{boag03XQueryDraft,
    title  = {{XQuery 1.0 An XML Query Language, W3C Working Draft}},
    author = "Scott Boag and Don Chamberlin and Mary F. Fern\'andez and
Daniela Florescu and Jonathan Robie and J\'er\^ome Sim\'eon",
    year   = "2004",
    month = "Aug",
    note = "\url{http://www.w3.org/TR/xquery}" }


@Misc{padsmanual,
  title="{PADS} User Manual",
  howpublished="\url{http://www.research.att.com/projects/pads/index.html}",
  note="To appear."
}

@Misc{erlang-bit-syntax,
  title="Proposals for and Experiments with an {E}rlang Bit Syntax",
  howpublished="http://lambda.weblogs.com/discuss/msgReader\$5185",
}

@Misc{http,
  title="Hypertext Transfer Protocol -- {HTTP}/1.1",
  howpublished="\url{http://www.w3.org/Protocols/rfc2616/rfc2616.html}",
}

@Misc{unicode,
  title="Unicode Home Page",
  howpublished="\url{http://www.unicode.org/}",
}

@Unpublished{ckit,
  author=         "Satish Chandra and 
                   Nevin Heintze and David Mac{Q}ueen and 
                   Dino Oliva and Michael Siff",
  title=          "{C}-frontend library for {SML/NJ}",
  note=           "See 
\url{cm.bell-labs.com/cm/cs/what/smlnj.}",
  year=           1999
}

@InProceedings{sfio,
  author =        "David G.~  Korn and Kiem-Phong Vo",
  title =         "{SFIO}: {S}afe/Fast String/File {IO}",
  booktitle =     "Proc. of the Summer '91 Usenix Conference",
  publisher=      "USENIX",
  pages =         "235-256",
  year =          1991
}

@InProceedings{korn+:data-format,
  author =        "David G.~  Korn and Kiem-Phong Vo",
  title =         "Engineering a Differencing and Compression Data Format",
  booktitle =     "Proc. of the 2002 Usenix Conference",
  publisher=      "USENIX",
  pages =         "235-256",
  year =          2002
}

@article{korn+:delta,
  author =        "James J. Hunt and David G.~  Korn and Kiem-Phong Vo",
  title =         "Delta Algorithms: An Empirical Analysis",
  journal =     "{ACM} Transactions on Software Engineering and Methodology",
  volume=     7,
  pages =         "192-214",
  year =          1998
}

@InProceedings{histograms,
  author =        "Sudipto Guha and Piotr Indyk and S. Muthukrishnan and Martin Strauss",
  title =         "Histogramming Data Streams with Fast Per-Item Processing",
  booktitle =     "ICALP",
  pages =         "681-692",
  year =          "2002"
}

@InProceedings{histograms-wavelets,
	author = "Anna C. Gilbert and Sudipto Guha and Piotr Indyk and Yannis Kotidis and S. Muthukrishnan and Martin Strauss",
	title="Fast, small-space algorithms for approximate histogram maintenance",
	booktitle="STOC",
	year="2002",
	pages="389-398"
	}
	
@InProceedings{quantiles,
	author = "Anna C. Gilbert and Yannis Kotidis and S. Muthukrishnan and Martin Strauss",
	title="How to Summarize the Universe: Dynamic Maintenance of Quantiles",
	booktitle="VLDB",
	year="2002",
	pages="454465"
	}
	
@Article{bind,
  author = 	 {G. D. Bader and D. Betel and C. W. Hogue},
  title = 	 {{BIND}: the Biomolecular Interaction Network Database},
  journal = 	 {Nucleic Acids Res.},
  year = 	 {2003},
  volume = 	 {31},
  number = 	 {1},
  pages = 	 {248--250},
}

@Misc{genericbiodata,
  title = 	 {Generic Model Organism Database Construction Set},
  howpublished = {http://www.gmod.org/},
}



@Article{grid,
  author = 	 {B. J. Breitkreutz and C. Stark and M. Tyers},
  title = 	 {The GRID: the General Repository for Interaction Datasets},
  journal = 	 {Genome Biology},
  year = 	 {2003},
  volume = 	 {4},
  number = 	 {3},
}

%%% Dave

%% Dave's bib stuff:



@InProceedings{fisher+:700,
  author = 	 {Kathleen Fisher and Yitzhak Mandelbaum and David Walker},
  title = 	 {The Next 700 Data Description Languages},
  booktitle = 	 {{ACM SIGPLAN-SIGACT} Symposium on Principles of Programming Languages},
  year = 	 {2006},
  month = 	 jan,
  note = 	 {To appear.},
}

@InProceedings{dantas+:harmless-popl,
  author = 	 {Daniel S. Dantas and David Walker},
  title = 	 {Harmless Advice},
  booktitle = 	 {{ACM SIGPLAN-SIGACT} Symposium on Principles of Programming Languages},
  year = 	 {2006},
  month = 	 jan,
  note = 	 {To appear.},
}

@Misc{comon,
  key = 	 {CoMon},
  author = 	 {KyoungSoo Park and Vivek Pai},
  title = 	 {{CoMon}: A Mostly-Scalable Monitoring System for PlanetLab},
  howpublished = {\url{http://comon.cs.princeton.edu}},
}

@InProceedings{bauer+:non-interfering-monitors,
  author = 	 {Lujo Bauer and Jarred Ligatti and David Walker},
  title = 	 {Types and Effects for Non-interfering program monitors},
  booktitle = 	 {International Symposium on Software Security},
  year = 	 {2002},
  month = 	 nov,
  address =      {Tokyo, Japan},
}

@Article{ligatti+:edit-automata,
  author = 	 {Jarred Ligatti and Lujo Bauer and  David Walker},
  title = 	 {Edit Automata: enforcement mechanisms for Run-time Security Policies},
  journal = 	 {International journal of information security},
  year = 	 {2004},
}

@inproceedings{morrisett+:tal-popl,
  author = "Greg Morrisett and David Walker and Karl Crary and Neal Glew",
  title = "From {S}ystem {F} to {T}yped {A}ssembly {L}anguage",
  booktitle = POPL98,
  month = jan,
  year = 1998,
  address = "San Diego",
  pages = "85--97"
}

@inproceedings{crary+:capabilities,
  author = "Karl Crary and David Walker and Greg Morrisett",
  title = "Typed Memory Management in a Calculus of Capabilities",
  booktitle = POPL99,
  year = 1999,
  month = jan,
  address = "San Antonio",
  pages = "262--275"
}

@inproceedings{smith+:alias-types,
title="Alias Types",
author = "Frederick Smith and David Walker and Greg Morrisett",
booktitle = "In \emph{Proceedings of the 9th European Symposium on
             Programming Languages and Systems}",
year=2000,
month = mar,
address = "Berlin",
pages = "366-381"
}

@inproceedings{walker+:alias-recursive,
  author = "David Walker and Greg Morrisett",
  title = "Alias Types for Recursive Data Structures",
  booktitle = "Workshop on Types in Compilation",
  year = 2000,
  month = sep,
  address = "Montreal",
}

@phdthesis{walker:thesis,  
  title = "Typed Memory Management",
  author = "David Walker",
  school = "Cornell University",
  year = 2001,
  month = jan
}

@Inproceedings{mandelbaum+:refinements,
  author = 	 {Yitzhak Mandelbaum and David Walker and Robert Harper},
  title = 	 {An Effective Theory of Type Refinements},
  booktitle = {{ACM SIGPLAN} International Conference on Functional Programming},
  year = 	 {2003},
  month = aug, 
}


@InBook{walker:attapl,
  author = 	 {David Walker},
  title = 	 {Substructural type systems},
  booktitle =    {Advanced topics in types and programming languages},
  chapter = 	 {1},
  publisher = 	 {MIT Press},
  year = 	 {2005},
  month =        jan,
  note = 	 {In \emph{Advanced topics in types and programming languages}, Benjamin Pierce, ed.},
}

@article{morrisett+:tal,
  author = "Greg Morrisett and David Walker and Karl Crary and Neal Glew",
  title = "From {S}ystem {F} to {T}yped {A}ssembly {L}anguage",
  journal = "{ACM} Transactions on Programming Languages and Systems",
  month = may,
  volume = 3,
  number = 21,
  year = 1999,
  pages = "528-569",
}

@article{walker+:capabilities,
  author = "David Walker and Karl Crary and Greg Morrisett",
  title = "Typed Memory Management in a Calculus of Capabilities",
  journal = "{ACM} Transactions on Programming Languages and Systems",
  year = 2000,
  month = may,
  volume = 22,
  number =4,
  pages = "701--771"
}


@InProceedings{ahmed+:stack,
  author = 	 {Amal Ahmed and David Walker},
  title = 	 {The Logical Approach to Stack Typing},
  booktitle = 	 {{ACM SIGPLAN} Workshop on Types in Language Design and Implementation},
  year = 	 {2003},
  month = 	 jan,
  address = "New Orleans",
}


@InProceedings{ahmed+:hierarchical-storage,
  author = 	 {Amal Ahmed and Limin Jia and David Walker},
  title = 	 {Reasoning about Hierarchical Storage},
  booktitle = 	 {{IEEE} Symposium on Logic in Computer Science},
  year = 	 {2003},
  month = 	 jun,
  address = "Ottawa, Canada",
  pages = "33--44"
}

@article{morrisett+:journal-stal,
  author = "Greg Morrisett and Karl Crary and Neal Glew and David Walker",
  title = "Stack-Based {T}yped {A}ssembly {L}anguage",
  journal = "Journal of Functional Programming",
  year = 2002,
  month = jan,
  volume = 12,
  number =1,
  pages = "43--88"
} 

@inproceedings{tofte+:regions,
  title="Implementation of the Typed Call-By-Value $\lambda$-Calculus using a Stack of Regions",
  author="Mads Tofte and Jean-Pierre Talpin",
  booktitle=twentyfirst # popl,
  year=1994,
  month=jan,
  pages="188--201",
  address="Portland, Oregon"
}

@inproceedings{walker:security,
  title = "A Type System for Expressive Security Policies",
  author = "David Walker",
  booktitle = POPL00,
  year = 2000,
  month= jan,
  address= "Boston",
  pages = "254--267"
} 

@ARTICLE{lieberherr+:aspectual-collaborations,
AUTHOR = "Karl J. Lieberherr and David Lorenz and Johan Ovlinger",
TITLE = "Aspectual Collaborations -- Combining Modules and Aspects",
JOURNAL = "The Computer Journal" ,
YEAR = "2003",
MONTH        = "September",
VOLUME = 46,
NUMBER = 5,
PAGES = "542-565",
PUBLISHER = "Oxford University Press",
}

@InProceedings{masuhara+:compilation-semantics-aspects,
  author = 	 {Hidehiko Masuhara and Gregor Kiczales and Chris Dutchyn},
  title = 	 {Compilation Semantics of Aspect-Oriented Programs},
  booktitle = {Foundations of Aspect-Oriented Languages Workshop},
  pages = 	 {17--25},
  year = 	 {2002},
  month =        apr,
  editor = 	 {Gary T. Leavens and Ron Cytron},
}


@InProceedings{walker+:aspects,
  author = 	 {David Walker and Steve Zdancewic and Jay Ligatti},
  title = 	 {A Theory of Aspects},
  booktitle =    {{ACM SIGPLAN} International Conference on Functional Programming Languages},
  year = 	 2003,
  address = 	 {Uppsala, Sweden},
  month = 	 aug,
}


@InProceedings{douence+:composition,
  author = 	 {Remi Douence and Olivier Motelet and Mario S\"{u}dholt},
  title = 	 {Composition, reuse and interaction analysis of stateful aspects},
  booktitle = {Conference on Aspect-Oriented Software Development},
  pages = 	 {141--150},
  year = 	 2004,
  month = 	 mar,
}


@InProceedings{douence+:aspects,
  author = 	 {Remi Douence and Olivier Motelet and Mario S\"{u}dholt},
  title = 	 {A formal definition of crosscuts},
  booktitle = {Third International Conference on Metalevel architectures and separation of crosscutting concerns},
  pages = 	 "170--186",
  year = 	 2001,
  volume = 	 {2192},
  series = 	 lncs,
  address = 	 {Berlin},
  month = 	 sep,
  publisher = springer,
}


@inproceedings{erlingsson+:irm,
 author = "{\'{U}lfar} Erlingsson and Fred B. Schneider",
 title = "{IRM} Enforcement of {J}ava Stack Inspection",
 booktitle = "{IEEE} Symposium on Security and Privacy",
 address = "Oakland, California",
 month = may,
 year = 2000,
 pages = "246--255",
}


@InProceedings{jagadeesen+:untyped-aspects,
  author = 	 {Radha Jagadeesan  and Alan Jeffrey and James Riely},
  title = 	 {A Calculus of Untyped Aspect-Oriented Programs},
  booktitle = {European Conference on Object-Oriented Programming},
  year = 	 {2003},
  address = 	 {Darmstadt, Germany},
  month = 	 jul,
}


@InProceedings{clifton+:assistants-observers,
  author = 	 {C. Clifton and G. T. Leavens},
  title = 	 {Assistants and Observers:  A Proposal for Modular Aspect-Oriented Reasoning}, 
  booktitle = {Foundations of Aspect Languages},
  year = 	 2002,
  month = 	 apr,
}


@inproceedings{evans+:naccio,
  author = "David Evans and Andrew Twyman",
  title = "Flexible Policy-Directed Code Safety",
  booktitle = "{IEEE} Security and Privacy",
  address = "Oakland, CA", 
  month = may,
  year = 1999  
}


@Article{myers+:overview,
  author = 	 {Andrei Sabelfeld and Andrew C. Myers},
  title = 	 {Language-Based Information-Flow Security},
  journal = 	 {{IEEE} Journal on Selected Areas in Communications},
  year = 	 {2003},
  volume = 	 {21},
  number = 	 {1},
  pages = 	 {5--19},
  month = 	 jan,
}

@InProceedings{wand+:aspect-semantics,
  author =    {Mitchell Wand and Gregor Kiczales and Christopher Dutchyn},
  title =     {A Semantics for Advice and Dynamic Join Points in Aspect-Oriented Programming},
  booktitle = {Foundations of Aspect-Oriented Languages Workshop},
  pages = 	 {17--25},
  year = 	 {2002},
  month =        apr,
  editor = 	 {Gary T. Leavens and Ron Cytron},
  note = "Iowa State University University technical report 02-06",
}

@InProceedings{dantas+:harmless-advice,
  author = 	 {Daniel S. Dantas and David Walker},
  title = 	 {Harmless Advice},
  booktitle = 	 {Workshop on Foundations of Object-oriented Languages},
  year = 	 2005,
  month = 	 jan,
}




@Misc{summerschool04,
  title = 	 {{NSF}-sponsored Summer School On Software Security: Theory to Practice},
  key =   	 {{NSF}-sponsored Summer School On Software Security: Theory to Practice},
  month = 	 jun,
  year = 	 {2004},
  address = {University of Oregon, Eugene, OR}
}


@Misc{summerschool05,
  title = 	 {{NSF}-sponsored Summer School On Reliable Computing},
  key =   	 {{NSF}-sponsored Summer School On Reliable Computing},
  month = 	 jul,
  year = 	 {2005},
  address = {University of Oregon, Eugene, OR}
}

@InProceedings{ligatti+:renewal,
  author = 	 {Jarred Ligatti and Lujo Bauer and David Walker},
  title = 	 {Enforcing Non-Safety Security Policies with Program Monitors},
  booktitle = 	 {Tenth European Symposium on Research in Computer Security},
  year = 	 2005,
  month = 	 sep,
}

@InProceedings{bauer+:polymer,
  author = 	 {Lujo Bauer and Jarred Ligatti and David Walker},
  title = 	 {Composing Security Policies with Polymer},
  booktitle = 	 {Proceedings of the {ACM SIGPLAN} 2005 Conference on Programming language design and implementation},
  pages = {305-314},
  year = 	 {2005},
  month = 	 jun,
}



@InProceedings{jia+:stack,
  author = 	 {Limin Jia and Frances Spalding and David Walker and Neal Glew},
  title = 	 {Certifying Compilation for a Language with Stack Allocation},
  booktitle = 	 {{IEEE} Symposium on Logic in Computer Science},
  pages = 	 {407-416},
  year = 	 2005,
  month = 	 jun,
}

@InProceedings{fisher+:pads,
  author = 	 {Kathleen Fisher and Robert Gruber},
  title = 	 {{PADS}:  A Domain-Specific Language for Processing Ad Hoc Data Sources},
  booktitle = 	 {Proceedings of the {ACM SIGPLAN} 2005 Conference on Programming language design and implementation},
  year = 	 {2005},
  month = 	 jun,
  note = 	 {To appear.},
}


@Misc{ethereal,
  key = 	 {Ethereal},
  title = 	 {Ethereal},
  howpublished = {\url{www.ethereal.com}},
}

@Misc{etherealvulnerabilities,
  key = 	 {Ethereal},
  title = 	 {Multiple (13) Ethereal remote overflows},
  howpublished = {\url{http://security.e-matters.de/advisories/032004.html}},
}

