@inproceedings{Forest,
 author = {Fisher, Kathleen and Foster, Nate and Walker, David and Zhu, Kenny Q.},
 title = {Forest: A Language and Toolkit for Programming with Filestores},
 booktitle = {Proceedings of the 16th ACM SIGPLAN International Conference on Functional Programming},
 series = {ICFP '11},
 year = {2011},
 location = {Tokyo, Japan},
 pages = {292--306},
 numpages = {15},
 publisher = {ACM},
} 

@article{HaskellLWC,
  title={Composable Scheduler Activations for Haskell},
  author={Sivaramakrishnan, KC and Harris, Tim and Marlow, Simon and Peyton Jones, Simon},
  year={2014}
}

@inproceedings{TxCache,
  title={Transactional Consistency and Automatic Management in an Application Data Cache.},
  author={Ports, Dan RK and Clements, Austin T and Zhang, Irene and Madden, Samuel and Liskov, Barbara},
  booktitle={OSDI},
  volume={10},
  pages={1--15},
  year={2010}
}

@inproceedings{Valor,
 author = {Spillane, Richard P. and Gaikwad, Sachin and Chinni, Manjunath and Zadok, Erez and Wright, Charles P.},
 title = {Enabling Transactional File Access via Lightweight Kernel Extensions},
 booktitle = {Proccedings of the 7th Conference on File and Storage Technologies},
 series = {FAST '09},
 year = {2009},
 location = {San Francisco, California},
 pages = {29--42},
 numpages = {14},
 url = {http://dl.acm.org/citation.cfm?id=1525908.1525911},
 acmid = {1525911},
 publisher = {USENIX Association},
 address = {Berkeley, CA, USA},
} 


@inproceedings{HaskellSTM,
 author = {Harris, Tim and Marlow, Simon and Peyton-Jones, Simon and Herlihy, Maurice},
 title = {Composable Memory Transactions},
 booktitle = {Proceedings of the Tenth ACM SIGPLAN Symposium on Principles and Practice of Parallel Programming},
 series = {PPoPP '05},
 year = {2005},
 isbn = {1-59593-080-9},
 location = {Chicago, IL, USA},
 pages = {48--60},
 numpages = {13},
 url = {http://doi.acm.org/10.1145/1065944.1065952},
 doi = {10.1145/1065944.1065952},
 acmid = {1065952},
 publisher = {ACM},
 address = {New York, NY, USA},
 keywords = {locks, non-blocking algorithms, transactions},
}

@article{DBFS,
  title={DBFS and SecureFiles},
  author={Kunchithapadam, Krishna and Zhang, Wei and Ganesh, Amit and Mukherjee, Niloy},
  year={2011}
}

@INPROCEEDINGS{Macedo:14, 
author={Macedo, N. and Pacheco, H. and Rocha Sousa, N. and Cunha, A.}, 
booktitle={Visual Languages and Human-Centric Computing (VL/HCC), 2014 IEEE Symposium on}, 
title={Bidirectional spreadsheet formulas}, 
year={2014}, 
month={July}, 
pages={161-168}
}
