@Misc{asdl,
  title="Abstract Syntax Description Language",
  howpublished="http://sourceforge.net/projects/asdl",
}
@InProceedings{gpce02, 
       author="Godmar Back",
       title="{D}ata{S}cript - {A} Specification and Scripting 
              Language for Binary Data",
       booktitle="Proceedings of Generative Programming and Component 
                  Engineering",
       year="2002",
       pages="66-77",
       publisher = "LNCS",
       volume = "2487"}

@InProceedings{sigcomm00,
  author=         "Peter Mc{C}ann and Satish Chandra",
  title=          "Packet{T}ypes: {A}bstract Specification of Network Protocol Messages",
  booktitle=      "{ACM} Conference of Special Interest Group on Data 
                   Communications (SIGCOMM)",
  month=          "August",
  year=           "1998",
  pages=          "321-333"
}


@InProceedings{kdd98,
  author=         "Corinna Cortes and Daryl Pregibon",
  title=          "Giga Mining",
  booktitle=      "Proceedings of the Fourth International Conference 
                   on Knowledge Discovery and Data Mining",
  year=           "1998"
}

@InProceedings{kdd99,
       author="Corinna Cortes and Daryl Pregibon",
       title="Information Mining Platform: An
              infrastructure for {KDD} rapid deployment",
       booktitle= "Proceedings of the Fifth International Conference
                   on Knowledge Discovery and Data Mining",
       year="1999"}


@InProceedings{kdd00, 
       author="Corinna Cortes and Kathleen Fisher and Daryl Pregibon and Anne Rogers and Frederick Smith",
       title= "Hancock: {A} Language for Extracting Signatures from Data Streams",
       Booktitle= "Proceedings of the Sixth International Conference on Knowledge Discovery and Data Mining",
       Year = "2000", 
       pages = "9-17"}


@Book{asn,
  author="Olivier Dubuisson",
  title="{ASN.1}: {C}ommunication between heterogeneous systems",
  publisher="Morgan Kaufmann", 
  year="2001"}


@Misc{erlang-bit-syntax,
  title="Proposals for and Experiments with an {E}rlang Bit Syntax",
  howpublished="http://lambda.weblogs.com/discuss/msgReader\$5185",
}

          
