@string{haskellw = {{Proceedings of the ACM SIGPLAN Workshop on Haskell}}}
%@string{pldi = "{PLDI}"}
@string{pldi = "{ACM} Conference on Programming Language Design and Implementation"}


@InProceedings{fisher+:pads,
  author = 	 {Kathleen Fisher and Robert Gruber},
  title = 	 {{PADS}: A domain specific language for processing ad hoc data},
  booktitle = 	 pldi,
  pages = 	 {295-304},
  year = 	 2005,
  month = 	 jun,
}

@inproceedings{forest-icfp:fisher+,
 author = {Kathleen Fisher and Nate Foster and David Walker and Kenny Q. Zhu},
 title = {Forest: A Language and Toolkit for Programming with Filestores},
 booktitle = {ICFP '11: Proceedings of the Sixteenth ACM SIGPLAN International Conference on Functional Programming},
 year = {2011}
}


@inproceedings{fisher-walker:icdt,
 author = {Fisher, Kathleen and Walker, David},
 title = {The {PADS} project: {A}n overview},
 booktitle = {Proceedings of the 14th International Conference on Database Theory},
 series = {ICDT '11},
 year = {2011},
 isbn = {978-1-4503-0529-7},
 location = {Uppsala, Sweden},
 pages = {11--17},
 numpages = {7},
 url = {http://doi.acm.org/10.1145/1938551.1938556},
 doi = {http://doi.acm.org/10.1145/1938551.1938556},
 acmid = {1938556},
 publisher = {ACM},
 address = {New York, NY, USA},
 keywords = {ad hoc data, data description languages, domain-specific languages},
} 

@inproceedings{Mainland:quasi,
 author = {Mainland, Geoffrey},
 title = {Why it's nice to be quoted: {Q}uasiquoting for {H}askell},
 booktitle = haskellw,
 year = {2007},
 isbn = {978-1-59593-674-5},
 location = {Freiburg, Germany},
 pages = {73--82},
 numpages = {10},
 url = {http://doi.acm.org/10.1145/1291201.1291211},
 doi = {http://doi.acm.org/10.1145/1291201.1291211},
 acmid = {1291211},
 keywords = {meta programming, quasiquoting},
}

@Misc{SWAT,
  key = "SWAT",
  title= {{Soil and Water Assessment Tool}},
  howpublished="\url{http://swat.tamu.edul}",
}

@Misc{SWAT-IO-Documentation,
  key = "SWAT IO Documentation",
  title= {{SWAT Input/Output Documentation}},
  howpublished="\url{http://swat.tamu.edul}",
  year = 2012
}

@inproceedings{HaskellSTM,
 author = {Harris, Tim and Marlow, Simon and Peyton-Jones, Simon and Herlihy, Maurice},
 title = {Composable Memory Transactions},
 booktitle = {Proceedings of the Tenth ACM SIGPLAN Symposium on Principles and Practice of Parallel Programming},
 series = {PPoPP '05},
 year = {2005},
 isbn = {1-59593-080-9},
 location = {Chicago, IL, USA},
 pages = {48--60},
 numpages = {13},
 url = {http://doi.acm.org/10.1145/1065944.1065952},
 doi = {10.1145/1065944.1065952},
 acmid = {1065952},
 publisher = {ACM},
 address = {New York, NY, USA},
 keywords = {locks, non-blocking algorithms, transactions},
}
