@inproceedings{chilimbi,
 author = {Trishul M. Chilimbi},
 title = {Efficient representations and abstractions for quantifying and exploiting data reference locality},
 booktitle = {Proceedings of the ACM SIGPLAN 2001 conference on Programming language design and implementation},
 year = {2001},
 isbn = {1-58113-414-2},
 pages = {191--202},
 location = {Snowbird, Utah, United States},
 doi = {doi.acm.org/10.1145/378795.378840},
 publisher = acmpress,
 }


@Misc{asdl,
  title="Abstract Syntax Description Language",
  howpublished="\url{sourceforge.net/projects/asdl}",
}

@Book{asn,
  author="Olivier Dubuisson",
  title="{ASN.1}: {C}ommunication between heterogeneous systems",
  publisher="Morgan Kaufmann", 
  year="2001"}


@Misc{erlang,
  title="Erlang bit syntax",
  howpublished="\url{www.erlang.se/euc/99/binaries.ps}",
}

@inproceedings{igarasi+:featherweight,
 author = {Atshushi Igarashi and Benjamin Pierce and Philip Wadler},
 title = {{Featherwieght Java}: {A} minimal core calculus for {Java} and {GJ}},
 booktitle = oopsla,
 year = {1999},
 pages = {132--146},
 publisher = acmpress,
 comment-location = {Denver, Colorado, United States},
 comment-doi = {doi.acm.org/10.1145/320384.320395},
 comment-isbn = {1-58113-238-7},
 comment-address = {New York, NY, USA},
 }

@Misc{geneontology,
  organization = 	 {{Gene} {Ontology} Consortium},
  key =           {{Gene} {Ontology} Consortium},
  title = 	 {{Gene} {Ontology} {Project}},
  howpublished = {\url{www.geneontology.org}}
}

@inproceedings{1142568,
 author = {Mark Daly and Mary Fern\&\#225;ndez and Kathleen Fisher and Yitzhak Mandelbaum and David Walker},
 title = {{PADS}: {A}n end-to-end system for processing ad hoc data},
 booktitle = {SIGMOD '06: Proceedings of the 2006 ACM SIGMOD international conference on Management of data},
 year = {2006},
 isbn = {1-59593-434-0},
 pages = {727--729},
 location = {Chicago, IL, USA},
 doi = {http://doi.acm.org/10.1145/1142473.1142568},
 publisher = {ACM Press},
 address = {New York, NY, USA},
 }

@InProceedings{fisher+:next700ddl,
  author = 	 {Kathleen Fisher and Yitzhak Mandelbaum and David Walker},
  title = 	 {The Next 700 Data Description Languages},
  BOOKTITLE = {{POPL}},
  YEAR = {2006},
}

@Unpublished{fisher+:pads-semantics-ext,
  author = 	 {Kathleen Fisher and Yitzhak Mandelbaum and David Walker},
  title = 	 {A Calculus for Describing Ad Hoc Data},
  note = 	 {Technical Report.},
  month = 	 jun,
  year = 	 {2005},
}

@InProceedings{fisher+:next700ddl,
  author = 	 {Kathleen Fisher and Yitzhak Mandelbaum and David Walker},
  title = 	 {The Next 700 Data Description Languages},
  BOOKTITLE = {{ACM} {SIGPLAN--SIGACT} {S}ymposium on {P}rinciples of {P}rogramming
                     {L}anguages ({POPL}), Charleston, South Carolina},
  year = 	 {2006},
}

@Misc{newick,
  title = "Tree Formats. {Workshop} on Molecular Evolution.",
  howpublished="\url{workshop.molecularevolution.org/resources/fileformats/tree_formats.php}",
  key = "Newick"
}

@InProceedings{gpce02, 
       author="Godmar Back",
       title="{D}ata{S}cript: {A} Specification and Scripting 
              Language for Binary Data",
       booktitle = gpce,
       year="2002",
       pages="66-77",
       publisher = lncs,
       volume = "2487"}

@InProceedings{sigcomm00,
  author=         "Peter Mc{C}ann and Satish Chandra",
  title=          "Packet{T}ypes: {A}bstract specification of network protocol messages",
  booktitle=      sigcomm,
  month=          "August",
  year=           "2000",
  pages=          "321-333",
  publisher =     acmpress
}


@ARTICLE{hosoya+:xduce-journal,
  AUTHOR = {Haruo Hosoya and Benjamin C. Pierce},
  TITLE = {{XDuce}: A Statically Typed {XML} Processing Language},
  JOURNAL = {ACM Transactions on Internet Technology},
  YEAR = {2003},
  VOLUME = 3,
  NUMBER = 2,
  MONTH = MAY,
  PAGES = {117--148},
  CHECKED = {Yes},
  OFFICIAL = {http://doi.acm.org/10.1145/767193.767195},
  PLCLUB = {Yes},
  BCP = {Yes},
  KEYS = {xduce}
}

@Inproceedings{benzaken+:cduce,
  author = {V. Benzaken and G. Castagna and A. Frisch},
  title = {{CDuce}: An {XML}-Centric General-Purpose Language},
  booktitle = {{ACM SIGPLAN} {ICFP}},
  year = 	 {2003},
  month = aug, 
}

@INPROCEEDINGS{gapeyev+:XtaticRuntime,
  TITLE = {{XML} Goes Native: {R}un-time Representations for {Xtatic}},
  AUTHOR = {Vladimir Gapeyev and Michael Y. Levin
                  and Benjamin C. Pierce and Alan Schmitt},
  YEAR = 2005,
  MONTH = APR,
  BOOKTITLE = {14th International Conference on Compiler Construction},
  CONF = {http://www.cis.upenn.edu/~bcpierce/papers/xtatic-runtime-CC.pdf},
  TR = {http://www.cis.upenn.edu/~bcpierce/papers/xtatic-runtime-TR.pdf},
  PLCLUB = {Yes},
  BCP = {Yes},
  KEYS = {xtatic}
}

@INPROCEEDINGS{foster+:lenses-full,
  AUTHOR = {J. Nathan Foster and Michael B. Greenwald and Jonathan T. Moore 
                  and Benjamin C. Pierce and Alan Schmitt},
  TITLE = {Combinators for Bi-Directional Tree Transformations: 
                  {A} Linguistic Approach to the View Update Problem},
  BOOKTITLE = {{ACM} {SIGPLAN--SIGACT} {S}ymposium on {P}rinciples of {P}rogramming
                     {L}anguages ({POPL}), Long Beach, California},
  YEAR = {2005},
  CONF = {http://www.cis.upenn.edu/~bcpierce/papers/newlenses-popl.pdf},
  SLIDES = {http://www.cis.upenn.edu/~bcpierce/papers/newlenses-popl-slides.pdf},
  TR = {http://www.cis.upenn.edu/~bcpierce/papers/newlenses-full.pdf},
  NOTE = {Extended version available as University of Pennsylvania 
                  technical report MS-CIS-03-08.  Earlier version presented at 
                  the {\em Workshop on Programming Language Technologies for 
                  XML (PLAN-X)}, 2004},
  PLCLUB = {Yes},
  BCP = {Yes},
  KEYS = {harmony}
}

@INPROCEEDINGS{foster+:lenses,
  AUTHOR = {J. Nathan Foster and Michael B. Greenwald and Jonathan T. Moore 
                  and Benjamin C. Pierce and Alan Schmitt},
  TITLE = {Combinators for Bi-Directional Tree Transformations: 
                  {A} Linguistic Approach to the View Update Problem},
  BOOKTITLE = {{POPL}},
  YEAR = {2005},
  CONF = {http://www.cis.upenn.edu/~bcpierce/papers/newlenses-popl.pdf},
  SLIDES = {http://www.cis.upenn.edu/~bcpierce/papers/newlenses-popl-slides.pdf},
  TR = {http://www.cis.upenn.edu/~bcpierce/papers/newlenses-full.pdf},
  PLCLUB = {Yes},
  BCP = {Yes},
  KEYS = {harmony}
}

@misc{dfdl-primer,
title="{GGF} {DFDL} Primer", 
author="Mike Beckerle and Martin Westhead", 
howpublished="\url{http://www.ggf.org/Meetings/GGF11/Documents/DFDL_Primer_v2.pdf}",
note="Global Grid Forum",
year="2004",
month="May"
}

@misc{dfdl-proposal,
title="Data Format Description Language ({DFDL}) A {Proposal}, {Working Draft}, {Global} {Grid} {Forum}", 
year="2005",
month="Aug",
howpublished="\url{https://forge.gridforum.org/projects/dfdl-wg/document/DFDL_Proposal/en/2}",
note="Global Grid Forum"
}

@InProceedings{kdd98,
  author=         "Corinna Cortes and Daryl Pregibon",
  title=          "Giga Mining",
  booktitle=      "KDD",
  year=           "1998"
}

@InProceedings{kdd99,
       author="Corinna Cortes and Daryl Pregibon",
       title="Information Mining Platform: An
              infrastructure for {KDD} rapid deployment",
       booktitle= "KDD",
       year="1999"}


@InProceedings{kdd00, 
       author="Corinna Cortes and Kathleen Fisher and Daryl Pregibon and Anne Rogers and Frederick Smith",
       title= "Hancock: {A} Language for Extracting Signatures from Data Streams",
       Booktitle= "KDD",
       Year = "2000", 
       pages = "9-17"}

@article{hancock-toplas,
 author = {Corinna Cortes and Kathleen Fisher and Daryl Pregibon and Anne Rogers and Frederick Smith},
 title = {Hancock: A language for analyzing transactional data streams},
 journal = {ACM Trans. Program. Lang. Syst.},
 volume = {26},
 number = {2},
 year = {2004},
 issn = {0164-0925},
 pages = {301--338},
 doi = {\url{doi.acm.org/10.1145/973097.973100}},
 publisher = acmpress,
 }



@InProceedings{fisher+:pads,
  author = 	 {Kathleen Fisher and Robert Gruber},
  title = 	 {{PADS}: {A} domain specific language for processing ad hoc data},
  booktitle = 	 {PLDI},
  pages = 	 {295-304},
  year = 	 2005,
  publisher =   acmpress
}

@Misc{netflow,
  title="Cisco NetFlow.",
  howpublished="\url{www.cisco.com/warp/public/732/Tech/nmp/netflow/index.shtml}",
}

@InProceedings{gigascope, 
       author="Chuck Cranor and Yuan Gao and Theodore Johnson and Vlaidslav Shkapenyuk and Oliver Spatscheck",
       title="Gigascope: {H}igh Performance Network Monitoring with an {SQL} Interface",
       booktitle="SIGMOD",
       year="2002",
       publisher = acmpress}


@InProceedings{ast,
  author="Glenn Fowler and David Korn and Stephen North and Phong Vo",
  title="The {AT\&T} {AST} opensource software collection",
  booktitle="Proceedings of the {FREENIX} Track 2000 {U}senix Annual Technical Conference",
  pages ="187-195",
  year ="2000"
}

@Book{wpp,
  author="Balachander Krishnamurthy and Jennifer Rexford",
  title="Web Protocols and Practice",
  publisher="Addison Wesley", 
  year="2001"}
  
@InProceedings{clf-cluster, 
       author="Balachander Krishnamurthy and Jia Wang",
       title="On Network-aware clustering of web clients",
       booktitle="Proceedings of SIGCOMM 2000",
       year="2000",
       publisher = acmpress}

@InProceedings{clf-adaptation, 
       author="Balachander Krishnamurthy and Craig Wills",
       title="Improving web experience by client characterization driven server adaptation",
       booktitle="Proceedings of WWW 2002",
       year="2002",
       publisher = "ACM"}


@Book{xquery,
  editor="Howard Katz",
  title="X{Q}uery from the experts",
  publisher="Addison Wesley", 
  year="2004"}
  
@InProceedings{galax, 
       author="Mary F. Fern\'andez and J\'r\^ome Sim\'eon and Byron Choi and Am\'elie Marian and Gargi Sur",
       title="Implementing {XQ}uery 1.0: {T}he {G}alax Experience.",
       booktitle="VLDB",
       year="2003",
        pages="1077-1080",
       publisher = acmpress}


@Misc{dfdl,
  title="{DFDL} Project",
  howpublished="\url{forge.gridforum.org/projects/dfdl-wg}",
}

@Misc{galaxmanual,
  title="{G}alax User Manual",
  howpublished="\url{www.galaxquery.org/doc.html#manual}",
}

@misc{boag03XQueryDraft,
    title  = {{XQuery 1.0 An XML Query Language, W3C Working Draft}},
    author = "Scott Boag and Don Chamberlin and Mary F. Fern\'andez and
Daniela Florescu and Jonathan Robie and J\'er\^ome Sim\'eon",
    year   = "2004",
    month = "Aug",
    note = "\url{www.w3.org/TR/xquery}" }


@Misc{padsmanual,
  title="{PADS} User Manual",
  howpublished="\url{www.research.att.com/projects/pads/index.html}",
  note="To appear."
}

@Misc{erlang-bit-syntax,
  title="Proposals for and Experiments with an {E}rlang Bit Syntax",
  howpublished="\url{lambda.weblogs.com/discuss/msgReader\$5185}",
}

@Misc{http,
  title="Hypertext Transfer Protocol -- {HTTP}/1.1",
  howpublished="\url{www.w3.org/Protocols/rfc2616/rfc2616.html}",
}

@Misc{unicode,
  title="Unicode Home Page",
  howpublished="\url{www.unicode.org/}",
}

@Unpublished{ckit,
  author=         "Satish Chandra and 
                   Nevin Heintze and David Mac{Q}ueen and 
                   Dino Oliva and Michael Siff",
  title=          "{C}-frontend library for {SML/NJ}",
  note=           "See 
\url{cm.bell-labs.com/cm/cs/what/smlnj.}",
  year=           1999
}

@InProceedings{sfio,
  author =        "David G.~  Korn and Kiem-Phong Vo",
  title =         "{SFIO}: {S}afe/Fast String/File {IO}",
  booktitle =     "Proc. of the Summer '91 Usenix Conference",
  publisher=      "USENIX",
  pages =         "235-256",
  year =          1991
}

@InProceedings{histograms,
  author =        "Sudipto Guha and Piotr Indyk and S. Muthukrishnan and Martin Strauss",
  title =         "Histogramming Data Streams with Fast Per-Item Processing",
  booktitle =     "ICALP",
  pages =         "681-692",
  year =          "2002"
}

@InProceedings{histograms-wavelets,
	author = "Anna C. Gilbert and Sudipto Guha and Piotr Indyk and Yannis Kotidis and S. Muthukrishnan and Martin Strauss",
	title="Fast, small-space algorithms for approximate histogram maintenance",
	booktitle="STOC",
	year="2002",
	pages="389-398"
	}
	
@InProceedings{quantiles,
	author = "Anna C. Gilbert and Yannis Kotidis and S. Muthukrishnan and Martin Strauss",
	title="How to Summarize the Universe: Dynamic Maintenance of Quantiles",
	booktitle="VLDB",
	year="2002",
	pages="454465"
	}
      
@InProceedings{erlang-bits,
  author = 	 {Claes Wikstr\"{o}m and Tony Rogvall},
  title = 	 {Protocol programming in {Erlang} using binaries.},
  booktitle = 	 euc5,
  year = 	 {1999},
  month = 	 oct,
}

@Misc{eger:blt,
  author = 	 {David Eger},
  title = 	 {Bit Level Types},
  howpublished="\url{www-2.cs.cmu.edu/~eger/}"
}

@Book{harper:plbook,
  author = 	 {Robert Harper},
  title = 	 {Programming Languages: Theory and Practice.},
  publisher = 	 {Unpublished},
  year = 	 {2005},
  note = 	 {\url{www-2.cs.cmu.edu/~rwh/}},
}

@Article{antlr,
  author = 	 {T. J. Parr and R. W. Quong},
  title = 	 {{ANTLR}: A Predicated- {\it {LL}(k)} Parser Generator.},
  journal = 	 spe,
  volume = 	 {25},
  number = 	 {7},
  pages = 	 {789-810},
  year = 	 {1995},
  month = 	 jul,
}


@InProceedings{ford:packrat,
  author =        {Bryan Ford},
  title =         {Packrat parsing: {S}imple, powerful, lazy, linear time.},
  booktitle =     icfp,
  year =          2002,
  pages =         {36-47},
  month = oct,
  publisher = acmpress,
}


@InProceedings{ford:pegs,
  author =        {Bryan Ford},
  title =         {Parsing expression grammars: {A} recognition-based syntactic foundation.},
  booktitle =     popl,
  pages =         {111-122},
  year =          2004,
  month = jan,
  publisher = acmpress,
}

@TechReport{grimm:packrat,
  author = 	 {Robert Grimm},
  title = 	 {Practical Packrat Parsing},
  institution =  {New York University},
  year = 	 {2004},
  number = 	 {TR2004-854},
  month = 	 mar,
}

@Article{birman+:parsing,
  author = 	 {Alexander Birman and Jeffrey D. Ullman},
  title = 	 {Parsing algorithms with backtrack},
  journal = 	 {Information and Control},
  year = 	 {1973},
  volume = 	 {23},
  number = 	 {1},
  month = 	 aug,
}

@Book{burge:parser-combinators,
  author = 	 {William Burge},
  title = 	 {Recursive Programming Techniques},
  publisher = 	 {Addison Wesley},
  year = 	 {1975}
}

@Article{hutton+:parser-combinators,
  author = 	 {G.~Hutton and E.~Meijer},
  title = 	 {Monadic Parsing in {Haskell}},
  journal = 	 jfp,
  publisher =    {Cambridge University Press},
  volume =       8,
  number =       4,
  month =        jul,
  year = 	 {1998},
  pages = "437--444"
}



@InProceedings{sfio,
  author =        "David G.~  Korn and Kiem-Phong Vo",
  title =         "{SFIO}: {S}afe/Fast String/File {IO}",
  booktitle =     "Proc. of the Summer '91 Usenix Conference",
  publisher=      "USENIX",
  pages =         {235-256},
  year =          1991
}

@InProceedings{gustafsson+:binaries,
  author = 	 {Per Gustafsson and Konstantinos Sagonas},
  title = 	 {Adaptive Pattern Matching on Binary Data.},
  booktitle = 	 esop,
  year = 	 2004,
  pages =        {124-139},
  publisher =    springer,
  month = 	 mar,
}

@Article{landin:700,
  author = 	 {P. J. Landin},
  title = 	 {The next 700 programming languages},
  journal = 	 cacm,
  year = 	 {1966},
  volume = 	 {9},
  number = 	 {3},
  pages = 	 {157 - 166},
  month = 	 mar,
}

@InProceedings{brabrand+:xsugar2005,
  author =       {Claus Brabrand and Anders M\o{}ller and Michael I. Schwartzbach},
  title =        {Dual Syntax for {XML} Languages},
  booktitle =    dbpl10,
  volume =       {3774},
  year =         {2005},
  month =        {August},
  series =       lncs,
  publisher =    springerver,
  pages =        {27--41},
}
